2256 3448
211 152 282 201 LIB.
299 151 332 210 I.‚
353 149 431 200 GAP.
444 149 724 212 1XXXIII.-XXXV.‚
743 149 895 210 §121-128.
930 153 978 200 103

131 253 191 290 rere
207 251 355 304 personam
373 234 496 288 civitatis
510 235 666 302 debereque
684 235 744 287 eius
759 234 931 304 dignitatem
949 239 979 288 et

132 319 219 370 decus
235 316 378 383 sustinere,
391 332 499 369 servare
515 317 599 385 leges,
612 316 674 368 iura
688 316 852 384 describere,
866 332 898 368 ea
912 316 979 369 fidei

131 414 198 452 suae
218 397 365 451 commisso
384 396 550 450 meminisse.
587 396 733 450 Privatum
753 402 847 450 autem
867 402 979 466 oportet

131 496 223 549 aequo
242 483 271 532 et
287 477 349 548 1111
366 493 430 530 cum
447 477 556 530 civibus
572 477 632 530 iure
647 477 740 531 vivere
756 495 846 547 neque
862 479 979 532 submis-

131 577 194 613 sum
207 564 236 612 et
246 559 387 612 abiectum
396 573 488 627 neque
498 575 527 611 se
540 548 705 626 efferentem,
713 563 775 612 tum
786 563 817 611 in
826 576 855 612 re
864 560 979 629 publica

131 641 261 708 cavelle,
277 655 349 708 quae
363 638 516 710 tranquilla
531 643 560 690 et
574 639 693 691 honesta
709 638 780 693 sint:
802 641 888 692 talem
904 639 979 692 enim

132 721 254 773 solemus
266 724 295 772 et
307 718 410 772 sentire
422 719 528 771 bonum
541 718 631 772 civem
644 723 672 771 et
685 719 784 774 dicere.
824 723 882 774 125.
898 721 979 773 Perc-

131 799 209 870 grini
231 803 325 852 autem
344 804 428 867 atque
449 799 558 852 incolae
578 798 700 852 officium
720 804 762 853 est
779 799 852 852 nihil
869 804 980 870 praeter

132 897 214 934 suum
226 880 373 950 negotium
387 895 477 949 agere,
487 879 561 932 nibil
573 881 609 933 de
625 879 681 933 alio
697 880 842 950 anquirere
853 880 979 933 minime-

132 978 187 1031 que
200 977 260 1016 ossc
271 961 302 1013 in
313 961 404 1014 aliene
415 977 444 1014 re
457 960 571 1030 publica
583 960 730 1015 curiosum.
764 963 808 1014 Ita
817 961 874 1014 fere
887 959 980 1014 officia

133 1042 316 1111 reperientur,
327 1057 391 1094 cum
403 1045 553 1108 quaeretur
565 1041 636 1109 quid
649 1043 748 1094 deceat
760 1043 870 1111 etquid
882 1046 979 1112 aptum

132 1123 170 1176 sit
187 1122 324 1192 personis,
339 1122 521 1191 temporibus,
537 1122 683 1176 aetatibus
721 1122 802 1175 Nihil
823 1128 865 1176 cst
886 1128 980 1176 autem

68 1261 71 1269 ,
132 1204 212 1271 quod
221 1209 280 1256 tarn
294 1203 392 1256 deceat
401 1219 486 1270 quam
497 1202 528 1254 in
540 1202 618 1254 omni
629 1219 658 1256 re
670 1204 794 1272 gerenda
806 1203 981 1271 consilioque

132 1284 273 1354 capiendo
286 1300 396 1336 servare
408 1284 604 1336 constentiam.
940 1275 944 1286 '

169 1365 288 1418 XXXV.
315 1366 374 1418 les.
394 1365 450 1418 Sed
464 1363 598 1432 quoniam
613 1363 746 1416 decorum
760 1362 833 1416 illud
846 1363 876 1414 in
891 1362 979 1415 omni-

133 1447 186 1499 bus
198 1445 282 1498 factis
292 1444 384 1511 dictis,
393 1444 423 1496 in
436 1444 560 1513 corporis
570 1444 692 1511 denique
704 1447 783 1496 motu
796 1447 824 1495 et
837 1447 911 1495 statu
924 1458 980 1495 cer-

133 1527 212 1582 nitur
229 1526 318 1593 idque
335 1525 460 1594 positum
478 1531 522 1578 est
539 1525 570 1576 in
588 1525 679 1577 tribus
697 1525 787 1592 rebus,
799 1523 980 1591 formositate,

133 1607 243 1673 ordine,
258 1611 360 1658 ornatu
379 1607 417 1658 ad
435 1605 575 1658 actionem
594 1610 669 1674 apto.
687 1603 851 1658 difficilibus
870 1604 907 1657 ad
925 1605 980 1656 elo-

133 1687 288 1756 quendum,
301 1686 351 1739 sed
367 1685 436 1738 satis
454 1685 508 1738 erit
523 1685 659 1754 intellegi,
672 1685 703 1737 in
720 1685 764 1737 his
782 1689 875 1738 autem
890 1683 981 1738 tribus

134 1767 295 1822 continetur
307 1781 372 1820 cura
384 1766 469 1820 etiam
484 1766 541 1834 1111,
551 1771 584 1828 ut
596 1766 746 1835 probemur
760 1765 802 1834 iis,
814 1765 981 1835 quibuscum

134 1849 213 1919 apud
226 1863 352 1916 quosque
364 1847 500 1914 vivamus,
510 1846 556 1899 his
568 1863 679 1915 quoque
692 1847 728 1900 de
742 1847 825 1900 rebus
837 1863 927 1916 pauca
940 1846 982 1898 di·

134 1935 244 1984 cantur.
275 1927 419 1999 Principio
432 1927 557 1998 corporis
567 1929 656 1981 nostri
665 1945 796 1998 magnam
808 1936 908 1982 nature
920 1928 982 1998 ipsa

135 2011 249 2064 videtur
260 2009 392 2062 habuisse
406 2009 550 2075 tutionem,
564 2025 635 2076 quae
649 2009 767 2062 formem
781 2014 906 2062 nostram
920 2007 982 2060 reli-

135 2106 278 2161 quamque
288 2090 413 2159 flgursm,
423 2081 453 2142 in
463 2106 520 2157 qua
532 2094 604 2142 esset
613 2089 718 2158 species
727 2089 852 2156 honesta,
863 2105 923 2141 eam
932 2103 982 2156 po-

136 2173 194 2226 suit
208 2172 240 2224 in
254 2177 395 2240 promptu,
409 2187 481 2238 quae
496 2174 589 2240 partes
604 2175 697 2222 autem
712 2169 837 2238 corporis
851 2169 888 2221 ed
902 2173 982 2221 natu·

136 2269 182 2306 111
198 2253 393 2305 necessitatem
406 2253 489 2304 datae
505 2254 648 2320 aspectum
663 2254 754 2302 essent
767 2248 919 2301 deformem
934 2248 982 2300 111-

138 2334 247 2386 bitume
259 2337 343 2400 atque
352 2331 474 2398 foedum,
483 2347 528 2385 cus
538 2329 664 2384 contexit
673 2335 757 2398 atque
767 2329 887 2383 abdidit.
922 2331 981 2382 127.

137 2415 221 2468 Hanc
233 2417 348 2466 naturae
359 2417 419 2466 tam
432 2413 599 2481 diligentem
610 2411 746 2465 fabricam
758 2409 868 2462 imitata
881 2413 922 2462 est
933 2410 983 2462 ho-

137 2495 247 2548 minum
261 2494 437 2548 verecundie.
474 2494 552 2560 Quae
567 2493 642 2546 enim
656 2497 756 2545 natura
770 2491 929 2560 occultavit,
940 2507 983 2544 es·

138 2577 205 2628 dem
223 2574 383 2643 omnesqui
401 2590 467 2627 11111
485 2579 578 2627 mente
596 2578 661 2627 sunt
675 2575 820 2626 removent
836 2573 872 2625 ab
887 2573 982 2639 oeulis,

138 2655 250 2725 ipsique
264 2654 424 2708 necessitati
439 2657 509 2708 dant
523 2671 637 2724 operam
652 2659 782 2722 utquam
797 2654 983 2708 occultissime

138 2740 269 2805 pareant:
285 2751 459 2804 quarumque
467 2736 590 2804 partium
602 2736 727 2805 corporis
740 2751 805 2788 usus
817 2739 881 2789 sunt
892 2751 984 2789 neces-

139 2815 213 2880 sarii,
227 2831 273 2868 ees
289 2833 379 2884 neque
394 2821 487 2885 partes
501 2832 591 2884 neque
605 2832 700 2868 eorum
714 2831 781 2869 usus
796 2816 853 2869 suis
866 2815 984 2870 nomini·

138 2896 193 2948 bus
202 2898 354 2965 appellent,
365 2897 497 2964 quodque
508 2895 598 2948 facere
611 2901 693 2966 turpe
707 2913 765 2948 non
780 2901 829 2965 est,
839 2897 925 2950 modo
940 2911 984 2948 oc-

138 2978 222 3044 culte,
238 2977 270 3030 id
289 2977 381 3029 (licere
403 2976 553 3029 obscenum
574 2981 623 3030 est.
661 2978 760 3045 Itaque
778 2993 830 3029 nec
852 2977 926 3029 actio
944 2991 984 3027 rc-

138 3075 201 3112 rum
216 3058 328 3110 illarum
344 3060 444 3126 aperta
455 3056 609 3125 petulantia
624 3061 704 3110 vacat
718 3073 770 3109 nec
784 3055 920 3109 orationis
936 3055 984 3107 ob-

137 3139 268 3194 scenitas.
307 3140 366 3190 128.
386 3137 445 3189 Nec
461 3153 526 3190 vcro
545 3137 679 3190 audiendi
698 3141 763 3188 sunt
778 3134 876 3202 Cynici
896 3139 944 3188 aut
961 3134 984 3186 si
