2272 3442
315 161 385 210 LIB.
402 162 435 222 L,
452 160 530 210 CAP.
547 159 687 220 vri-ix„
705 158 719 218 ἓ
734 160 823 208 24-30.
960 163 989 209 71

150 245 287 312 reudique
306 243 392 296 officii
409 245 502 312 plures
522 244 614 296 solent
632 257 690 295 esse
709 257 816 296 causae.
854 243 928 296 Nem
943 247 991 295 aut

149 323 314 377 inimicitias
333 327 381 376 aut
394 324 518 376 laborem
533 327 582 376 aut
596 327 723 392 sumptus
738 322 878 392 suscipere
892 324 992 376 nolunt

151 409 201 458 aut
214 405 298 458 etiam
309 404 494 474 neglegentia,
504 403 628 474 pigritia,
641 403 742 455 inertia
755 408 803 455 aut
818 403 875 457 suis
890 403 992 456 studiis

151 483 323 552 quibusdam
340 475 607 552 occupationibusve
624 482 664 536 sic
678 483 877 552 impediuntur,
890 488 922 535 ut
937 499 990 550 eos,

151 579 222 632 quos
230 563 318 615 tutari
327 563 457 629 debeant,
466 563 590 615 desertos
600 579 658 616 esse
667 563 815 632 patiantur.
843 565 992 631 Itaquevi-

152 643 279 695 (lendum
288 645 374 694 estne
387 657 445 694 non
455 641 521 694 satis
530 641 568 694 sit
576 641 615 709 id,
625 642 702 709 quod
712 643 788 710 apud
797 643 941 694 Platonem
951 649 992 695 est

151 723 181 775 iu
191 721 376 792 philosophos
386 721 502 789 dictum,
512 723 590 789 quod
599 721 628 773 in
638 721 697 775 veri
708 721 925 792 investigatione
933 739 992 775 ver·

151 806 247 854 sentur
255 801 387 868 quodque
397 817 436 868 ea,
447 817 519 868 quae
528 800 656 870 plerique
664 801 843 858 vehementer
852 805 991 870 expetant,

97 907 103 916 ·
151 883 188 934 de
207 881 308 948 quibus
326 881 446 934 interae
464 880 618 950 digladiari
633 883 750 960 poleant,
765 885 946 934 contemnant
965 888 993 933 et

137 977 203 1030 vpro
212 960 302 1013 nihilo
312 964 420 1030 putent,
430 965 577 1030 propterea
585 961 675 1014 iustos
685 977 752 1014 esse.
790 962 993 1014 Namalterum

151 1040 274 1094 iustitiae
290 1051 378 1111 genus
396 1043 595 1114 adqequuntur,
614 1041 644 1094 iu
663 1041 808 1095 inferenda
825 1059 861 1094 ue
880 1041 926 1094 eui
944 1058 993 1093 no·

151 1127 233 1176 ceant
258 1121 367 1189 iniuria,
386 1121 417 1174 in
443 1124 561 1176 alterum
584 1122 731 1176 incidunt:
763 1122 893 1176 discendi
919 1121 993 1192 euim

152 1202 247 1254 studio
265 1201 397 1270 impediti
416 1217 486 1269 quos
505 1201 578 1255 tueri
598 1201 702 1254 debent
721 1203 857 1255 deserunt.
885 1202 993 1268 ¹Itaque

152 1298 200 1334 eos
212 1299 247 1334 ne
263 1283 301 1334 ad
315 1297 374 1334 rem
386 1281 531 1350 publicam
543 1281 659 1348 quidem
674 1297 831 1334 accessuros
843 1285 927 1350 putat
938 1279 993 1332 nisi

152 1366 270 1416 coactos.
308 1361 433 1429 Aequius
446 1366 539 1414 autem
552 1366 611 1413 erat
623 1361 655 1412 id
664 1361 810 1412 voluntate
822 1360 888 1413 fieri.
919 1360 993 1414 Nam

154 1441 208 1492 hoc
222 1440 315 1509 ipsum
329 1441 370 1493 ita
385 1441 491 1494 iustum
505 1443 555 1507 est,
569 1441 647 1507 quod
661 1443 736 1491 reete
749 1439 789 1506 fit,
803 1439 826 1491 si
841 1443 883 1490 est
896 1440 993 1490 volun-

152 1519 265 1574 tarium
299 1523 348 1575 aa·
359 1517 429 1574 Sunt
444 1521 537 1588 etiam,
552 1519 601 1588 qui
619 1523 668 1572 aut
685 1519 780 1573 studio
795 1519 836 1571 rei
849 1518 993 1571 familiaris

152 1601 273 1652 tuendae
286 1605 336 1652 aut
345 1600 412 1653 odio
423 1601 547 1667 quodam
560 1599 706 1651 hominum
718 1615 799 1651 auum
809 1615 839 1651 se
848 1599 993 1668 negotium

152 1695 235 1748 agere
254 1677 360 1748 dicant,
373 1696 407 1732 ne
426 1679 517 1731 facere
536 1679 667 1746 cuiquam
681 1679 831 1732 videantur
847 1678 1003 1748 iniuriamz,

152 1759 203 1826 qui
217 1760 306 1812 altero
321 1757 423 1827 genere
437 1758 593 1811 iniustitiae
605 1762 714 1826 vacant,
728 1758 758 1810 in
773 1760 890 1812 alterum
904 1758 993 1812 incur·

152 1843 225 1892 runt.
264 1840 404 1891 Deserunt
416 1838 491 1890 enim
500 1838 577 1891 vitae
590 1837 758 1906 societatem,
770 1838 836 1906 quia
848 1838 920 1891 nihil
931 1855 994 1892 eon-

152 1917 246 1970 ferunt
258 1918 288 1970 in
302 1933 362 1970 eam
374 1917 470 1985 studii,
483 1917 557 1969 nihil
569 1933 677 1987 operae,
690 1917 763 1970 nihil
775 1918 948 1972 facultatum.

190 1997 329 2063 Quoniam
341 1997 431 2066 igitur
443 1997 553 2050 duobus
566 1998 714 2066 generibus
726 1997 881 2051 iniustitiae
893 2014 995 2068 propo-

152 2077 413 2130 sitisadiunximus
432 2085 529 2130 causas
544 2077 690 2144 utriusque
708 2078 818 2146 generis
833 2095 933 2145 easque
952 2094 995 2130 res

153 2162 218 2209 ante
237 2157 442 2225 constituimus,
456 2157 559 2224 quibus
577 2157 686 2210 iustitia
702 2157 899 2224 contineretur,
912 2156 994 2210 facile

153 2237 234 2304 quod
252 2235 388 2305 cuiusque
405 2238 540 2308 temporis
559 2237 682 2292 officium
701 2237 738 2289 sit
758 2237 920 2306 poterimus,
940 2237 995 2288 nisi

154 2322 264 2370 nosmet
275 2317 352 2386 ipsos
361 2319 444 2372 valde
454 2317 615 2388 amabimus,
625 2317 759 2371 iudicare.
799 2319 841 2370 30.
857 2319 908 2370 Est
921 2317 994 2370 enim

152 2397 277 2450 difficilis
292 2413 357 2450 cura
373 2415 463 2452 rerum
482 2400 643 2452 alienarum.
682 2399 858 2464 Quamquam
873 2398 996 2450 Terenti-

153 2493 223 2530 anus
234 2477 282 2530 ille
298 2479 429 2532 Chremes
442 2482 457 2508 “
466 2479 582 2532 humani
596 2479 668 2531 nihil
684 2496 700 2532 a
712 2495 740 2532 se
754 2478 876 2532 alienum
888 2480 994 2548 putat,”

112 2611 116 2618 ,
152 2559 202 2610 sed
217 2562 319 2625 tamen,
333 2559 400 2626 quia
414 2559 506 2628 magis
521 2576 553 2612 ea
568 2559 741 2629 percipimus
753 2564 837 2627 atque
853 2559 994 2624 sentimus,

152 2653 225 2703 quae
243 2637 325 2690 nobis
345 2638 414 2708 ipsis
434 2643 483 2690 aut
501 2655 634 2708 prospera
653 2644 702 2692 aut
721 2640 837 2693 adversa
856 2638 994 2705 eveniunt,

153 2736 238 2788 quam
256 2719 314 2787 illa,
331 2735 402 2786 quae
424 2718 531 2785 ceteris,
548 2733 619 2785 quac
641 2716 723 2784 quasi
744 2719 829 2786 longo
847 2717 994 2770 intervallo

152 2800 299 2854 interiecto
313 2799 448 2864 videmus,
461 2797 543 2850 aliter
558 2797 594 2848 (le
612 2795 669 2848 illis
687 2811 720 2848 ac
738 2797 774 2849 de
790 2796 872 2849 nobis
889 2797 995 2849 iudica-

153 2897 223 2934 mus.
257 2879 394 2946 Quocirca
403 2878 475 2930 bene
487 2875 663 2946 praecipiunt
675 2875 724 2944 qui
733 2880 830 2929 vetant
839 2875 995 2945 quidquam
1066 2885 1070 2894 ·

152 2977 236 3031 agere
249 2963 327 3029 quod
337 2959 450 3013 dubites
463 2974 583 3027 aequum
596 2959 633 3012 sit
644 2976 679 3012 an
690 2958 827 3026 iniquum.
858 2955 995 3023 Aequitas

152 3043 228 3096 enim
243 3043 319 3094 lueet
330 3041 393 3110 ipsa
405 3055 456 3110 per
470 3055 507 3108 se,
518 3038 660 3092 dubitatio
676 3037 875 3110 cogitationem
890 3033 995 3102 siguifi-

151 3127 199 3178 eat
211 3121 337 3176 iniuriae.
