2272 3442
146 153 177 199 lo
371 149 409 197 M.
428 147 560 197 TULLII·
573 147 763 197 CICERONIS

144 233 228 281 creat.
264 227 391 291 Malleoli,
409 227 527 294 plantae,
545 229 691 294 sarmenta,
708 225 875 294 viviradices,
898 243 996 296 propa-

145 305 226 372 gines,
246 319 334 356 nonne
354 319 387 355 ea
405 303 525 356 elliciunt
543 306 575 356 ut
593 303 716 370 quemvis
734 318 796 354 curn
814 302 995 356 admiratione

144 380 300 432 delectent?
336 379 409 432 Vitis
430 379 541 452 quidem
565 395 637 446 quae
659 381 758 431 natura
781 378 882 431 caduca
906 381 949 431 cst
967 383 997 432 et

144 455 195 506 nisi
208 454 277 506 fulta
289 454 325 508 sit
337 454 425 507 fertur
437 455 472 506 ad
486 458 598 518 terram,
611 453 708 506 cadem
720 457 752 506 ut
771 470 801 506 sc
814 453 902 520 erigat
914 454 996 506 clavi-

118 593 120 596 ,
144 530 212 583 culis
224 530 281 582 suis
288 531 365 598 quasi
375 531 500 582 manibus
509 530 645 598 quidquid
655 533 697 582 est
706 534 787 582 nacta
796 529 998 596 complectitur;

144 623 226 675 quam
239 610 394 674 serpentem
412 607 556 674 multiplici
575 606 653 674 lapsu
672 609 701 659 ct
720 607 837 658 erratico
849 606 922 658 ferro
940 623 996 658 am-

144 687 243 750 putans
261 686 369 736 coercet
387 699 432 735 ars
450 683 637 749 agricolarum,
655 699 692 735 ne
709 683 833 734 silvescat
852 683 997 736 sarmentis

144 764 173 812 et
186 759 213 810 in
226 775 319 812 omnes
330 761 424 826 partes
436 758 520 810 nimia
532 757 670 810 fundatur.
708 763 748 809 53.
768 757 867 824 ltaque
885 757 997 810 ineunte

146 835 248 886 varein
261 835 294 887 iis
307 851 377 902 quae
395 833 490 886 relicta
508 837 572 884 simt
590 833 699 884 exsistit
716 835 856 898 tamquam
874 831 911 884 ad
929 834 996 884 arti-

145 909 219 962 culos
232 912 430 961 sarmentorum
444 924 559 974 eaquae
571 923 679 973 gentina
693 906 801 972 dicitur,
813 923 830 959 a
842 923 896 974 qua
908 907 997 960 oriens

145 1001 197 1036 uva
215 1000 275 1036 sese
293 983 432 1046 ostendit}
451 999 522 1050 quae
539 985 569 1035 et
584 999 663 1034 succo
680 985 771 1035 terrae
786 985 815 1035 et
831 983 919 1035 calore
934 983 998 1036 solis

145 1076 293 1126 augescens
305 1060 393 1128 primo
406 1062 448 1112 est
460 1058 608 1126 peracerba
619 1061 739 1125 gustatu,
750 1057 849 1110 deinde
860 1061 998 1111 maturata

146 1135 285 1200 dulcescit,
299 1136 454 1203 vestitaque
469 1135 605 1202 pampinis
622 1150 672 1186 nec
689 1133 796 1186 modice
814 1137 909 1200 tepore
922 1139 999 1187 earet

146 1215 175 1264 et
187 1210 285 1264 nimios
297 1211 361 1264 solis
373 1210 499 1264 defendit
510 1210 629 1262 ardores.
665 1209 725 1273 Qua
743 1209 810 1276 quid
828 1212 920 1276 potest
939 1226 999 1262 esse

146 1291 205 1340 tum
216 1287 308 1341 fructu
320 1287 419 1340 laetius
432 1290 491 1340 tum
503 1286 636 1354 adspectu
648 1285 805 1353 pulchriusl
842 1284 928 1354 Cujus
940 1286 999 1354 qui-

147 1363 210 1416 dem
224 1379 278 1416 non
292 1363 397 1416 utilitas
415 1379 459 1416 me
476 1363 570 1428 selum,
583 1365 615 1415 ut
630 1365 694 1414 ante
707 1361 772 1427 dixi,
787 1361 930 1414 sedetiam
944 1361 999 1414 eul-

147 1443 210 1492 tura
228 1439 335 1506 etipsa
353 1442 451 1492 natura
471 1439 606 1491 delcetat:
632 1436 857 1490 adminiculorum
882 1437 1000 1504 ordines,

146 1516 266 1584 capitum
279 1514 394 1582 jugatio,
410 1513 536 1579 religatio
548 1516 577 1564 et
589 1513 749 1584 propagatio
762 1512 866 1579 vitium,
880 1529 999 1564 sarmen-

147 1594 294 1659 torumque
304 1607 337 1643 ea
349 1606 432 1658 qnam
448 1589 505 1640 dixi
520 1588 634 1640 aliorum
651 1587 802 1664 amputatio
819 1587 933 1640 alierum
950 1587 1000 1639 lm-

147 1666 246 1719 missio.
273 1665 344 1728 Quid
355 1681 406 1731 ego
418 1663 598 1730 irrigationes,
613 1663 680 1730 quid
692 1663 825 1716 fossiones
837 1663 896 1730 agri
908 1679 1000 1730 repas-

147 1741 348 1808 tinationesque
360 1740 497 1808 proferam
511 1738 610 1806 quibus
623 1739 655 1790 fit
667 1739 752 1792 multo
761 1737 1001 1792 terrafecundiorl

148 1823 187 1870 54.
206 1817 279 1879 Quid
292 1816 327 1868 de
340 1815 460 1868 utilitate
467 1814 563 1882 loquar
573 1814 741 1866 stercorandi
752 1817 761 1868 l
779 1813 836 1866 dixi
849 1815 877 1866 in
890 1831 921 1868 eo
931 1813 1002 1866 libro

148 1909 229 1962 quem
242 1891 371 1944 derebus
384 1890 493 1943 rusticis
506 1890 609 1958 scripsi,
627 1889 662 1942 de
675 1908 729 1958 qua
747 1886 851 1942 doetus
861 1889 1003 1942 Hesiodus

148 1986 182 2022 ne
191 1967 304 2020 verbum
317 1966 427 2034 quidem
439 1967 504 2018 fecit
517 1982 601 2032 quum
614 1965 649 2018 dc
663 1966 770 2019 cultura
783 1965 841 2033 agri
854 1965 1002 2021 scriberet:

148 2048 177 2097 at
198 2044 341 2108 Homerus,
359 2043 406 2110 qui
427 2042 527 2107 multis,
547 2047 579 2094 ut
598 2041 665 2094 mihi
685 2041 802 2107 videtur,
822 2045 886 2095 ante
905 2041 1003 2094 seculis

148 2121 208 2186 suit,
225 2119 353 2172 Laertem
371 2118 517 2171 lenientem
541 2117 715 2183 desiderium,
742 2117 816 2186 quod
839 2117 964 2186 capiebat
987 2134 1002 2168 e

149 2197 212 2262 filie,
226 2195 360 2248 colentem
379 2211 474 2262 agrum
494 2198 523 2247 et
540 2211 602 2248 eum
619 2197 816 2248 stercorantem
836 2194 908 2248 facit
944 2193 969 2245 N
973 2209 1003 2245 ec

149 2288 212 2324 vero
229 2269 368 2338 segetibus
384 2271 470 2322 solum
487 2275 515 2324 et
534 2271 621 2339 pratis
640 2274 668 2323 et
685 2270 771 2324 vineis
786 2275 815 2323 et
827 2269 947 2322 arbustis
958 2285 1003 2320 res

149 2348 266 2402 rusticae
282 2347 371 2400 laetae
388 2351 459 2414 sunt,
471 2347 520 2401 sed
536 2349 619 2400 etiam
635 2348 723 2400 hortis
740 2351 769 2400 et
780 2347 926 2413 pomariis3
944 2350 1002 2397 tum

149 2424 284 2490 pecudum
301 2427 389 2491 pastu,
409 2424 500 2490 apium
519 2423 696 2487 examinibus,
718 2423 813 2474 florum
828 2421 947 2472 omnium
959 2437 1004 2472 vai-

136 2499 255 2552 -n'etate,
291 2500 316 2551 N
319 2515 351 2551 cc
362 2499 524 2551 consitiones
538 2499 619 2550 medo
639 2497 777 2549 delectant
797 2495 846 2547 scd
865 2496 949 2547 etiam
966 2496 1005 2546 in-

150 2575 269 2636 sitiones,
283 2573 380 2640 quibus
392 2573 459 2624 nihil
472 2573 577 2625 invenit
590 2573 756 2639 agricultura
769 2571 913 2624 sollertius.

145 2642 148 2647 ’
203 2648 283 2701 XVI.
309 2655 351 2700 55.
379 2648 493 2700 Possum
505 2648 634 2717 persequi
646 2647 735 2700 multa
748 2647 951 2700 oblectamenta
964 2639 1007 2722 re{

151 2739 211 2775 rum
231 2723 411 2789 rusticarum3
435 2724 485 2778 sed
504 2741 538 2778 ea
559 2725 618 2792 ipsa
631 2741 708 2792 ⁴quae
729 2723 786 2776 dixi
811 2723 894 2774 fuisse
917 2723 1004 2774 sentio

151 2799 279 2866 longiora.
316 2801 467 2866 Ignoscetis
480 2805 586 2864 autenm
605 2817 668 2853 nam
686 2805 715 2854 et
733 2799 824 2867 studio
839 2815 932 2852 rerum
947 2815 1004 2850 rus

152 2874 265 2927 ticarum
278 2881 422 2944 provectus
435 2882 542 2940 sumet
555 2881 680 2930 senectus
691 2881 733 2930 est
745 2879 844 2928 natura
858 2875 1005 2943 loquacior,

153 2967 185 3004 ne
197 2951 231 3004 ab
244 2951 368 3004 omnibus
381 2968 442 3004 eam
455 2952 529 3004 vitiis
542 2953 636 3005 videar
649 2953 794 3006 vindicare.
826 2951 899 3018 Ergo
913 2951 941 3003 in
954 2950 1006 3004 hac

153 3028 208 3080 vita
230 3027 274 3080 Μ’.
293 3027 397 3092 Curius,
419 3044 502 3095 quum
523 3028 558 3081 de
579 3028 755 3093 Samnitibus,
776 3028 811 3081 de
833 3027 950 3094 Sabinis,
971 3027 1005 3079 de

155 3102 258 3172 Pyrrhe
285 3102 487 3170 triumphasset,
516 3103 684 3172 consumpsit
711 3103 866 3157 extremum
895 3107 1004 3172 tempus

154 3179 268 3243 aetatis;
293 3179 372 3246 eujus
393 3179 504 3246 quidem
526 3195 578 3244 ego
597 3179 689 3232 villam
710 3179 906 3249 contemplans,
926 3179 1005 3231 abest
