2272 3442
139 91 172 136 52
368 83 407 131 M.
426 79 552 141 TULLII
574 79 766 128 CICERONIS

139 167 226 220 veteri
239 163 375 217 amicitiae
386 159 558 226 tribuendus,
571 162 604 214 ut
615 159 639 212 is
651 160 680 214 in
694 159 773 228 culpa
788 161 825 226 sit
839 161 887 230 qui
901 163 994 232 faeiat,
1011 187 1015 192 ·

139 257 191 293 non
209 241 232 292 is
248 239 296 307 qui
312 238 434 306 patiatur
450 235 589 303 injuriam.
624 235 740 288 Omnino
757 237 877 290 omnium
894 239 994 292 horum

139 317 266 368 vitiorum
278 317 361 382 atque
373 311 606 366 incommodorum
618 327 672 364 una
681 312 771 365 cautio
784 313 922 382 astatque
936 332 994 368 una

138 389 261 458 provisio,
279 393 312 442 ut
329 405 364 442 ne
381 387 461 441 nimis
482 387 537 442 cito
558 387 673 455 diligere
694 388 825 464 incipiant
844 407 992 443 novamen

137 466 242 534 dignos.
279 468 319 522 79.
339 463 422 532 Digni
438 467 531 518 autem
548 467 612 516 sunt
627 464 747 517 amicitia
763 464 863 532 quibus
879 466 908 518 in
923 466 992 534 ipsis

136 541 207 594 inest
225 557 306 594 eausa
323 557 372 594 our
390 540 549 611 diligantur.
586 539 690 592 Rarum
711 557 804 606 genus,
827 544 856 594 et
877 542 991 608 quidem

136 617 227 670 omnia
248 617 477 687 praeclararum,
498 633 548 669 nec
573 616 722 684 quidquam
747 616 881 670 difficilius
907 634 990 686 quarn

98 728 123 796 ί
136 693 257 761 reperire
270 693 344 762 quod
356 693 392 746 sit
404 692 477 744 omni
490 708 524 744 ex
533 697 613 758 parte
622 691 650 744 in
659 709 708 745 suo
718 709 818 760 genere
827 694 989 761 perfectum.

136 769 193 823 Sed
203 770 328 838 plerique
340 784 429 836 neque
443 769 472 820 in
486 766 568 820 rebus
583 767 709 820 humanis
723 767 873 836 quidquam
887 769 990 822 bonum

135 849 236 899 norunt
253 845 306 898 nisi
327 843 402 912 quod
421 843 591 896 fructuosum
613 842 657 910 sit,
677 846 705 896 et
727 844 827 896 amicos
849 847 988 912 tamquam

135 923 253 988 pecudes
270 937 316 973 eos
332 913 504 988 potissimum
521 917 640 985 diligunt
658 935 692 972 ex
711 919 810 987 quibus
830 924 940 988 sperant
958 937 989 974 se

135 997 283 1048 maximum
300 995 420 1048 fructum
437 1011 496 1048 esse
513 997 648 1061 capturos.
685 1001 725 1050 80.
740 995 790 1049 Ita
805 995 990 1064 pulcherrima

134 1071 180 1124 illa
192 1075 221 1126 et
233 1071 351 1124 maxime
362 1070 481 1124 naturali
494 1073 587 1123 carent
599 1071 720 1124 amicitia
731 1088 781 1139 per
794 1088 823 1126 se
836 1074 866 1125 et
873 1076 988 1140 propter

135 1163 164 1199 se
184 1147 349 1215 expetenda,
364 1163 414 1200 nec
426 1146 479 1214 ipsi
495 1145 547 1198 sibi
564 1147 689 1215 exemplo
705 1151 768 1200 sunt
783 1147 850 1200 haec
866 1147 906 1200 vis
923 1147 989 1200 ami-

135 1222 217 1276 citiae
229 1223 317 1292 qualis
330 1226 359 1276 et
371 1228 475 1291 quanta
486 1221 541 1275 sit·
567 1221 713 1290 Ipseenim
723 1239 752 1276 se
765 1223 880 1290 quisquo
890 1223 988 1290 diligit,

135 1316 189 1352 non
201 1302 233 1354 ut
245 1300 364 1368 aliquam
377 1315 394 1352 a
406 1315 435 1352 se
447 1299 506 1368 ipse
518 1299 673 1352 mercedem
682 1299 775 1368 exigat
783 1301 906 1354 caritatis
915 1319 985 1363 suae,

135 1376 184 1430 scd
197 1375 272 1445 qnod
284 1393 334 1445 per
347 1393 376 1429 se
389 1375 441 1428 sibi
455 1375 571 1443 quisque
583 1391 662 1428 carus
674 1384 723 1428 est.
759 1376 838 1440 Quod
850 1374 901 1428 nisi
913 1375 988 1428 idem

133 1453 161 1505 in
183 1453 332 1506 amicitiam
353 1452 541 1514 transferetur,
562 1457 643 1504 verua
664 1451 767 1506 amicus
787 1467 925 1518 nunquam
946 1466 988 1503 re·

133 1529 269 1598 parietum
287 1533 330 1581 est
341 1527 414 1580 enim
425 1527 448 1578 is
461 1527 509 1593 qui
525 1527 569 1578 est
584 1528 726 1593 tamquam
742 1526 812 1580 alter
827 1525 908 1580 idem.
943 1531 987 1580 81.

134 1604 215 1666 Quod
236 1605 259 1657 si
279 1604 330 1656 hoc
352 1605 467 1669 apparet
488 1600 517 1652 in
540 1600 644 1667 bestiis,
669 1601 830 1667 volucribus,
848 1602 987 1668 nantibus,

133 1680 296 1746 agrestibus,
309 1676 451 1742 cicuribus,
463 1675 537 1742 ferie,
549 1676 668 1743 primunr
681 1680 712 1730 ut
725 1693 754 1730 se
770 1677 846 1745 ipsae
863 1677 987 1746 diligant,

133 1756 164 1806 id
176 1755 248 1806 enirn
260 1753 365 1822 pariter
377 1769 439 1804 cum
451 1751 523 1803 omni
540 1752 678 1806 animante
694 1754 822 1821 nascitur,
840 1753 939 1808 deinde
954 1757 988 1808 ut

134 1829 277 1896 rcqmraut
295 1831 379 1894 atque
398 1830 529 1895 appetant
542 1827 577 1880 ad
590 1845 658 1894 quas
671 1845 700 1880 se
713 1829 850 1896 applicent
863 1829 987 1898 ejusdem

134 1904 241 1973 generis
253 1903 413 1969 animantes,
431 1902 517 1970 idque
532 1902 637 1956 faciunt
654 1920 716 1956 cunr
732 1903 868 1958 desiderio
883 1909 987 1962 etcum

133 1980 250 2050 quadam
264 1977 442 2032 similitudine
456 1978 555 2031 auroris
567 1978 686 2044 humani,
700 1982 803 2046 quanto
815 1980 844 2032 id
860 1982 947 2048 magis
959 1983 988 2035 in

136 2055 245 2108 homine
268 2055 300 2108 fit
318 2057 423 2121 natura,
442 2054 489 2122 qni
512 2057 540 2108 et
561 2071 591 2108 se
611 2054 669 2122 ipse
694 2053 792 2121 diligit,
816 2058 845 2107 et
869 2055 1008 2112 alterum,

134 2131 254 2200 anquirit
273 2131 351 2200 cujus
371 2131 491 2184 animum
512 2131 553 2184 ita
569 2147 631 2184 cum
650 2147 698 2184 suo
716 2130 828 2185 misceat
845 2134 877 2184 ut
889 2131 989 2187 efficiat

135 2224 222 2276 paene
234 2224 318 2260 unum
331 2225 366 2261 ex
378 2207 503 2262 duobusl
806 2215 808 2218 '
872 2221 874 2227 ’

189 2284 285 2338 XXII.
305 2289 347 2339 82.
378 2283 434 2338 Sed
448 2283 573 2352 plerique
592 2301 730 2352 perverse,
746 2301 781 2338 ne
800 2284 888 2338 dicam
903 2283 988 2352 impu-

135 2360 242 2428 denter,
263 2363 379 2418 amicum
396 2363 498 2419 habere
515 2365 599 2418 talem
624 2361 720 2413 volunt
739 2361 834 2427 quales
855 2360 907 2426 ipsi
927 2376 988 2414 csse

133 2453 186 2488 non
205 2442 333 2504 possunt3
352 2452 477 2504 quaeque
495 2437 548 2503 ipsi
564 2452 617 2488 non
641 2435 768 2488 tribuunt
792 2435 894 2500 anneis,
920 2435 988 2489 hacc

132 2511 221 2564 abeis
237 2511 403 2564 desiderant.
440 2512 494 2563 Par
513 2515 556 2564 est
575 2515 667 2563 autem
687 2511 805 2578 primum
824 2511 913 2578 ipsum
927 2529 988 2566 csse

134 2587 224 2638 virum
236 2585 343 2648 bonurn,
364 2589 422 2638 tum
443 2587 561 2639 alterum
581 2585 697 2638 similem
715 2585 756 2638 sui
776 2601 915 2652 quaerore.
953 2588 986 2640 ln

133 2661 234 2715 talibus
243 2678 276 2714 ea
288 2678 369 2729 quam
387 2661 552 2728 jamdudmu
564 2665 714 2714 tractamus
736 2661 873 2716 stabilitas
897 2663 988 2716 amici·

135 2739 190 2792 tiae
203 2737 357 2791 confirmari
376 2740 475 2805 potest,
490 2755 574 2804 quum
587 2737 710 2790 hominos
722 2737 914 2792 benevolentia
925 2756 987 2790 con-

130 2814 220 2882 juncti
237 2813 356 2882 primum
368 2813 573 2880 >cupiditatibus
590 2814 623 2866 iis
640 2814 739 2881 quibus
760 2814 845 2867 ceteri
864 2815 986 2868 serviunt

133 2889 314 2958 imperabunt,
339 2889 441 2942 deinde
465 2890 606 2958 aequitate
629 2889 795 2958 justitiaque
818 2890 986 2957 gaudebunt,
1018 2883 1025 2897 ¹

134 2968 279 3034 omniaque
298 2965 369 3018 alter
389 2983 438 3033 pro
460 2966 547 3019 altero
572 2967 709 3035 suscipiet,
729 2983 818 3034 neque
838 2966 986 3033 quidquam

133 3059 251 3110 unquam
265 3041 317 3094 uisi
327 3041 470 3094 honestum
484 3046 513 3094 et
529 3047 634 3095 rectum
654 3043 725 3096 alter
742 3041 777 3094 ab
790 3042 877 3096 altero
896 3047 988 3108 postu⁴

132 3114 309 3184 labiumque
326 3118 411 3170 solum
428 3117 518 3170 colent
534 3118 606 3170 inter
616 3135 645 3170 se
661 3135 693 3170 ac
706 3118 823 3184 diligent
837 3117 886 3170 sed
905 3117 986 3170 eiiam

533 2213 540 2225 ἱ

137 3354 148 3380 ό
