2256 3448
247 155 318 204 LIB.
335 155 477 215 11,0A1³.
494 155 584 206 xxm
600 157 717 218 XXIII.‚
734 156 748 216 ᾖ
764 159 853 209 lli-82.
925 161 972 209 145

127 238 203 292 enlm
227 253 344 291 numero
363 239 433 291 haec
454 238 623 307 iudicantur,
643 241 693 293 sed
713 243 845 309 pondere.
883 243 973 311 Quam

127 325 224 373 autem
242 319 329 372 habet
347 318 526 387 aequitatem,
541 323 574 372 ut
592 336 692 390 agrum
709 322 807 374 multis
824 323 904 376 annis
924 328 974 378 aut

127 399 215 453 etiam
231 399 351 454 saecuIIs
370 405 435 452 ante
450 415 608 468 possessum
623 401 673 468 qui
689 403 797 454 nullum
812 404 912 457 habuit
926 405 974 458 ha-

127 481 211 534 beat:
236 480 287 549 qui
310 483 405 532 autem
426 480 527 534 habuit
548 480 681 535 amittat?
723 483 831 538 XXIII.
870 487 914 539 80.
931 485 975 538 Ao

127 565 246 631 propter
259 561 315 614 hoc
329 560 449 613 iniuriae
466 576 556 630 genus
570 562 785 614 Lacedaemonii
800 565 975 632 Lysandrum

128 641 268 710 ephorum
291 641 475 710 expulerunt:
497 641 575 710 Agin
598 657 700 710 regem,
719 644 798 710 quod
820 660 975 714 numquam

128 724 214 775 antea
231 722 310 791 apud
327 737 375 774 eos
393 720 541 788 acciderat,
557 726 733 790 necaverunt,
747 739 837 791 exque
855 740 889 776 eo
906 731 975 778 tem-

128 817 199 872 pore
211 805 307 856 tantae
319 801 478 856 discordiae
493 805 603 855 secutae
614 807 690 871 ¹sunt,
698 806 731 855 ut
743 806 772 856 et
779 804 892 872 tyranni
904 805 975 858 exsi-

129 886 237 938 sterent
248 887 278 936 et
288 882 440 952 optimates
452 882 704 936 exterminarentur
717 886 746 936 et
757 885 976 953 praeclarissime

129 953 350 1016 constituta‘res
367 962 483 1032 publica
503 962 681 1018 dilaberetur.
719 964 780 1018 Nec
797 981 864 1018 vero
885 967 976 1020 solum

130 1043 194 1113 ipsa
208 1043 319 1112 cecidit,
328 1044 378 1098 scd
390 1043 475 1097 ctiam
489 1043 627 1112 reliquam
639 1044 786 1098 Graeciam
798 1046 899 1098 evertit
911 1063 976 1100 con·
1068 1082 1069 1085 η

130 1123 295 1194 tagionibus
312 1126 458 1192 malorum,
471 1140 543 1192 quae
560 1141 577 1177 a
591 1124 820 1178 Lacedaemoniis
833 1117 976 1196 profectae

131 1203 380 1259 manaruntlatius.
415 1203 511 1270 Quint
529 1205 796 1274 nostrosdracchos,
804 1206 848 1260 Ti.
857 1207 977 1260 Gracchi

131 1283 236 1336 summi
244 1283 299 1338 riri
307 1284 387 1352 filios,
395 1283 522 1338 Africani
534 1288 658 1354 nepotes,
668 1289 761 1338 nonne
773 1285 898 1354 agrariae
912 1303 977 1339 con-

131 1363 274 1434 tentiones
285 1364 489 1434 perdideruntl
526 1365 568 1418 81.
583 1364 624 1417 At
635 1380 701 1418 vero
714 1365 817 1418 Aratus
830 1365 977 1434 Sicyonius

132 1445 195 1498 iure
208 1445 347 1512 laudetur,
360 1444 419 1512 qui,
434 1461 498 1498 cnm
516 1445 576 1498 eius
593 1444 693 1498 civitas
708 1444 915 1514 quinquagmta
929 1463 977 1500 an-

133 1541 186 1580 nos
208 1541 227 1578 a
247 1525 373 1594 tyrannis
393 1530 541 1592 teneretur,
560 1524 703 1594 profectus
721 1525 807 1595 Argis
829 1527 977 1596 Sicyonem

133 1605 309 1660 clandestino
329 1604 448 1658 introitu
466 1605 533 1658 urbe
554 1611 597 1659 est
615 1605 731 1674 potitus,
742 1612 978 1676 *cuniquetyran

134 1703 203 1740 num
215 1686 361 1742 Nicoclem
375 1685 527 1755 improviso
541 1686 732 1755 oppressisset,
746 1691 884 1741 sescentos
898 1704 977 1742 exsu-

134 1769 183 1836 les,
199 1767 249 1837 qui
267 1765 481 1836 locupletissimi
498 1765 609 1820 thorant
626 1766 687 1820 eius
705 1767 840 1837 civitatis,
855 1769 978 1822 restituit

135 1864 249 1916 remque
271 1847 415 1917 publicam
436 1847 560 1901 adventu
581 1863 632 1900 suo
653 1847 791 1902 liberavit
830 1849 894 1919 Sed,
913 1865 978 1903 cnm

135 1944 267 2000 magnam
290 1928 526 1982 animadverteret
548 1927 579 1980 in
602 1927 685 1981 bonis
708 1933 738 1982 et
757 1931 979 1999 possessionibus

135 2009 340 2076 difficultatem,
352 2008 430 2078 quod
449 2013 477 2061 et
492 2024 548 2073 eos,
562 2024 633 2076 quos
647 2008 711 2078 ipse
729 2010 897 2079 restituerat,
910 2027 978 2079 quo

135 2105 197 2144 rum
216 2090 291 2143 bona
311 2089 361 2142 alii
381 2089 572 2159 possederant,
591 2104 673 2158 egere
692 2087 899 2156 iniquissimum
920 2107 979 2143 esse

135 2170 325 2225 arbitrabatur
349 2175 378 2222 et
398 2168 606 2239 quinquaginta
632 2183 769 2222 annorum
792 2170 979 2238 possessiones

136 2250 244 2304 moveri
266 2267 324 2302 non
345 2249 429 2304 nimis
449 2266 572 2318 aequum
589 2249 716 2318 putabat,
733 2254 882 2318 propterea
901 2251 979 2318 qnod

136 2337 195 2384 tam
214 2332 301 2401 longo
322 2331 415 2400 spatio
436 2333 526 2384 multa
543 2329 756 2396 hereditatibus,
771 2331 860 2383 multa
880 2331 979 2399 empti·

136 2411 246 2479 onibus,
259 2412 348 2464 multa
362 2410 478 2464 dotibus
492 2411 659 2464 tenebantur
674 2408 734 2462 sine
750 2409 860 2478 iniuria,
873 2409 979 2462 iudica·

136 2491 284 2560 vitaeque
302 2491 360 2544 illis
378 2490 470 2544 adirni
488 2506 541 2543 nec
558 2490 604 2543 llis
620 2505 677 2542 non
696 2487 845 2557 satisfieri,
860 2505 979 2557 quorum

136 2571 186 2626 illa
200 2571 317 2639 fuerant,
330 2575 466 2640 oportere.
503 2573 545 2626 aa.
564 2571 636 2624 Oum
650 2568 739 2640 igitur
753 2569 895 2624 statuisset
908 2587 979 2641 opus

136 2668 196 2705 esse
211 2653 249 2709 ad
258 2667 390 2707 eamrem
402 2650 627 2710 constituendam
640 2649 767 2721 pecunia,
776 2650 979 2708 Alexandriam

136 2748 166 2785 se
180 2731 320 2802 proficisci
335 2733 407 2785 velle
426 2731 501 2784 dixit
516 2747 629 2800 remque
647 2732 787 2801 integram
805 2732 842 2787 ad
857 2734 979 2788 reditum

137 2828 219 2865 suum
233 2811 316 2865 iussit
329 2828 397 2880 esse,
410 2811 489 2880 isque
502 2811 628 2865 celeriter
641 2811 678 2864 ad
691 2813 884 2866 Ptolemaeum
896 2829 977 2867 suum

137 2892 279 2963 hospitem
292 2892 379 2960 venit,
391 2892 442 2960 qui
460 2897 521 2945 tum
539 2893 675 2962 regnabat
693 2893 764 2945 alter
779 2898 844 2963 post
858 2894 979 2948 Alexan·

137 2973 230 3027 driam
243 2973 396 3028 conditam.
435 2973 488 3026 Cui
503 2989 567 3026 cum
583 2973 756 3042 exposuisset
769 2974 890 3043 patriam
904 2989 933 3028 se
948 2974 979 3026 li·

137 3053 234 3107 berare
246 3054 318 3108 velle
333 3069 499 3121 causamque
513 3053 661 3122 docuisset,
675 3070 691 3106 a
706 3069 771 3123 rege
788 3055 922 3123 opulento
937 3052 980 3106 vir

137 3149 262 3188 summus
271 3132 353 3186 facile
366 3133 536 3203 impetravit,
547 3137 579 3188 nt
590 3134 693 3204 grandi
704 3133 823 3203 pecunia
835 3132 979 3188 adiuvare-
