2272 3442
167 179 198 223 66
477 171 527 219 DE
543 171 694 220 oltricus

167 271 315 323 earumque
330 270 492 324 progressus
507 259 535 306 et
547 255 627 322 quasi
640 253 842 318 antecessiones
858 270 916 306 non
927 253 1012 324 igno-

165 341 217 404 rat,
228 334 426 387 similitudines
441 340 584 403 comparat
599 336 735 404 rebusque
750 334 944 404 praesentibus
959 337 1011 387 ad·

166 416 259 484 iungit
267 426 351 482 atque
361 415 486 468 adnectit
496 415 611 483 suturas,
622 415 703 468 facile
713 411 800 468 totius
809 414 885 467 vitae
895 428 1012 468 cursum

166 497 245 550 videt
259 496 296 548 ad
311 511 426 565 eamque
441 497 599 565 degendam
612 499 760 565 praeparat
772 511 815 547 res
830 495 1007 548 necessarias.

168 579 209 630 12.
226 577 388 644 Eademque
406 582 506 629 natura
523 576 553 630 vi
573 575 688 628 rationis
709 575 852 628 hominem
873 576 1009 628 conciliat

166 656 274 708 homini
289 661 317 709 et
331 657 369 709 ad
383 657 517 710 orationis
532 660 559 709 et
574 657 612 709 ad
626 656 701 710 vitae
714 655 883 723 societatem,
893 655 1008 724 ingene-

166 741 264 806 ratque
273 736 303 788 in
315 736 412 806 primis
421 737 602 806 praecipuum
615 737 763 802 quemdam
776 751 898 804 amorem
907 735 937 786 in
950 752 1006 802 eos,

167 817 215 884 qui
230 815 366 886 procreati
382 820 454 883 sunt,
468 815 642 884 impellitque
656 820 689 868 ut
704 814 849 867 hominum
865 819 962 874 coetus
977 821 1006 865 et

166 896 366 948 celebrationes
379 899 407 946 et
419 910 478 946 esse
492 899 520 947 et
533 912 549 948 a
564 911 593 948 se
608 896 681 956 obiri
693 895 761 950 velit
774 895 811 946 ob
827 910 926 962 easque
941 909 1006 945 cau·

166 991 210 1026 sas
225 975 337 1026 studeat
350 989 448 1044 parare
463 991 503 1044 ea,
517 992 588 1044 quae
603 975 787 1046 suppeditent
803 975 882 1028 etad
897 975 1006 1027 cultum

82 1047 85 1052 '
167 1054 196 1102 at
211 1051 247 1104 ad
259 1050 374 1119 victum,
384 1067 436 1104 nec
451 1051 506 1104 sibi
521 1051 581 1120 soli,
592 1055 642 1106 sed
654 1053 777 1123 coniugi,
788 1051 884 1106 liberis
896 1052 1009 1106 ceteris

167 1145 229 1197 que,
243 1145 314 1197 quos
335 1146 414 1182 caros
432 1132 535 1184 habeat
554 1133 681 1200 tuerique
700 1134 808 1186 debeat.
846 1133 924 1198 Quae
940 1148 1008 1184 cura

167 1210 318 1263 exsuscitat
334 1211 418 1264 etiam
433 1213 541 1265 animos
556 1218 584 1265 et
598 1214 716 1266 maiores
731 1214 768 1266 ad
784 1229 842 1265 rem
854 1214 1008 1282 gerendam
1044 1205 1051 1216 '

166 1289 259 1362 facit.¹
280 1293 321 1345 13.
338 1293 372 1345 In
390 1293 543 1362 primisque
561 1294 684 1346 hominis
703 1299 744 1346 est
760 1293 874 1364 propria
887 1293 948 1344 veri
966 1293 1007 1343 iu-

105 1413 108 1420 ,
167 1371 282 1438 quisitio
304 1377 388 1442 atque
410 1373 598 1444 investigatio.
636 1375 736 1441 ltaque
759 1390 823 1426 cum
844 1389 939 1424 sumus
960 1388 1007 1423 ne-

166 1453 292 1504 cessariis
307 1454 428 1522 negotiis
447 1455 574 1522 curisque
589 1454 679 1521 vacui,
693 1461 753 1506 tum
769 1469 883 1505 avemus
898 1453 1007 1521 aliquid

165 1531 269 1600 videre,
285 1533 390 1599 audire,
406 1535 559 1600 addiscere,¹
576 1535 822 1604 cognitionemque
845 1549 936 1585 rerum
958 1537 1007 1584 aut

166 1613 338 1665 occultarum
356 1617 404 1664 aut
419 1614 628 1666 admirabilium
643 1615 681 1667 ad
696 1615 777 1666 beate
794 1613 946 1665 vivendum
961 1627 1006 1664 ne-

166 1692 311 1743 cessariam
325 1691 461 1745 ducimus.
495 1694 540 1745 Ex
552 1709 608 1762 quo
621 1693 803 1763 intellegitur,
813 1694 892 1761 quod
901 1708 1005 1760 verum,

166 1771 284 1838 simplex
303 1771 494 1838 sincerumque
512 1772 555 1840 sit,
568 1773 600 1824 id
618 1789 676 1825 esse
690 1771 803 1825 naturae
818 1771 939 1824 hominis
955 1787 1001 1839 ap·

166 1850 311 1902 tissimum.
349 1849 424 1902 Huic
436 1851 495 1904 veri
509 1851 627 1904 videndi
642 1851 794 1921 cupiditati
808 1851 941 1905 adiuncta
960 1855 1002 1902 est

166 1929 303 1997 appetitio
322 1929 459 1996 quaedam
473 1930 655 2000 principatus,
668 1935 701 1984 ut
715 1930 820 1984 nemini
834 1947 930 2000 parere
945 1929 1002 1982 ani-

165 2025 227 2061 mus
236 2010 306 2062 bene
315 2009 479 2063 informatus
488 2027 504 2064 a
515 2016 614 2064 natura
622 2011 690 2064 velit
699 2011 754 2063 nisi
762 2009 945 2080 praecipienti
954 2014 1002 2061 aut

166 2089 279 2162 docenti
289 2094 338 2142 aut
347 2090 477 2158 utilitatis
490 2107 573 2144 causa
582 2091 695 2144 lostost
704 2091 828 2160 legitime
838 2089 1000 2160 imperanti:

166 2177 201 2222 c'x
218 2186 274 2238 quo
293 2170 460 2239 magnitudo
479 2171 565 2223 animi
583 2171 697 2230 exsistit
706 2172 944 2240 humanarumque
962 2186 1001 2220 re·

166 2267 227 2303 rum
242 2251 430 2320 contemptio.¹
460 2252 501 2304 14.
517 2253 578 2304 Nec
590 2266 655 2303 vero
670 2250 719 2302 illa
733 2267 820 2319 parva
831 2251 874 2304 vis
889 2255 1001 2301 naturae

165 2337 208 2384 est
220 2331 399 2401 rationisque,
410 2331 486 2399 quod
498 2347 586 2383 unum
599 2331 653 2383 hoc
667 2325 771 2383 animal
786 2329 871 2402 sentit
884 2329 957 2398 quid·
966 2329 1002 2380 sit

166 2413 243 2480 ordo,
255 2412 324 2480 quid
337 2412 373 2466 sit
386 2413 464 2480 quod
477 2412 583 2478 deceat,
594 2410 623 2463 in
635 2409 717 2462 factis
730 2409 869 2478 dictisque
883 2408 932 2476 qui
946 2424 1001 2459 mo-

166 2491 226 2543 dus.
258 2493 356 2558 Itaque
371 2507 466 2543 eorum
481 2490 612 2559 ipsorum,
624 2505 695 2558 quae
710 2493 824 2559 aspectu
839 2487 1000 2553 sentiuntur,

165 2566 274 2617 nullum
286 2565 364 2616 aliud
376 2565 479 2616 animal
491 2563 740 2632 pulchritudinem,
748 2566 931 2630 venustatem,
941 2579 1003 2614 con-

166 2642 337 2696 venientiam
352 2643 475 2712 partium
493 2643 585 2696 sentit.
623 2643 713 2709 Quam
730 2643 944 2695 similitudinem
958 2659 1003 2694 na·

166 2728 229 2775 tura
243 2722 372 2788 ratioque
386 2723 422 2774 ab
437 2721 526 2774 oculis
541 2724 580 2775 ad
594 2723 718 2775 animum
732 2723 901 2776 transferens
915 2721 1003 2774 multo

166 2803 250 2854 etiam
264 2803 354 2870 magis
368 2801 617 2871 pulchritudinem,
628 2803 823 2871 constantiam,
834 2801 961 2866 ordinem
975 2801 1003 2854 iu

149 2880 290 2935 'consiliis
310 2881 446 2948 factisque
470 2883 688 2937 conservandam
709 2887 791 2952 putat
813 2887 950 2950 cavetque
969 2897 1003 2933 ne

166 2962 236 3031 quid
251 2961 381 3015 indecore
396 2960 586 3015 effeminateve
601 2962 694 3028 faciat,
707 2968 768 3015 tum
782 2962 814 3014 in
828 2961 959 3014 omnibus
977 2967 1003 3013 et

166 3043 346 3113 opinionibus
360 3046 388 3095 et
400 3041 490 3107 factis,
502 3059 538 3094 ne
551 3043 621 3109 quid
631 3042 785 3102 libidinose
797 3046 846 3094 aut
858 3041 943 3093 faciat
957 3047 1003 3094 aut

166 3123 280 3192 cogitet.
311 3121 419 3188 Quibus
429 3136 464 3173 ex
473 3121 556 3177 rebus
566 3121 702 3173 conflatur
711 3126 740 3174 et
749 3121 870 3175 efficitur
878 3119 918 3190 id,
927 3121 1003 3190 quod

584 3195 597 3214 t
