2256 3448
156 119 204 166 154
464 116 514 166 DE
531 115 683 167 OFFIGIIS

154 201 184 253 in
197 199 340 271 poematis,
350 200 380 252 in
392 199 510 270 picturis
522 216 574 252 usu
586 200 664 253 venit
676 199 706 251 in
719 199 836 268 aliisque
849 201 1000 271 compluri-

156 283 214 349 bus,
228 285 260 334 ut
278 281 452 333 delectentur
469 280 593 350 imperiti
611 281 783 348 laudentque
797 293 840 348 ca,
854 298 926 349 quae
940 284 1000 336 lau-

155 363 250 414 danda
267 378 324 414 non
339 361 402 427 sint,
416 361 452 413 ob
472 377 540 427 eam,
554 361 645 428 cred0,
658 377 778 429 causam,
793 362 871 430 quod
885 362 954 416 insit
967 363 1000 416 in

95 487 98 496 .
154 443 190 494 iis
202 441 312 510 aliquid
322 442 405 511 probi
414 443 492 510 quod
505 441 599 510 capiat
610 441 731 510 ignaros,
743 443 792 510 qui
802 443 918 510 quidem
927 444 1000 512 quid

154 523 185 574 in
200 539 256 575 una
271 538 381 590 quaque
399 539 429 575 ro
443 522 508 576 vitii
523 523 560 574 sit
575 527 714 590 nequeant
729 523 861 577 iudicare.
899 525 1000 593 Itaque

154 619 220 656 cum
241 608 308 656 sunt
328 603 407 656 docti
428 621 445 656 a
466 603 571 672 peritis,
588 603 728 656 desistunt
749 603 831 657 filcile
852 605 999 659 sententia.

155 685 203 740 IV.
223 685 300 747 Haec
312 684 401 754 igitur
413 684 511 750 officia,
522 685 669 753 dequibus
682 684 726 737 his
738 685 818 737 libris
831 675 999 753 disserimus,

146 766 237 834 ,quasi
251 766 374 818 secunda
386 767 523 834 quaedam
536 766 653 818 honesta
668 781 727 818 esse
739 765 847 834 dicunt,
857 783 913 818 non
926 767 1001 835 supi-

145 847 263 900 -entium
275 847 361 898 modo
373 846 495 915 propria,
506 847 556 898 sed
570 862 633 898 cum
649 845 727 898 omni
739 847 885 899 hominum
897 863 1001 916 genero

155 927 321 980 communia.
356 929 398 980 16.
413 928 512 994 Itaque
524 927 559 979 iis
572 943 675 994 omnea,
683 926 714 978 in
723 927 825 996 quibus
834 934 877 982 est
886 928 1001 981 virtutis

155 1007 273 1074 indoles,
287 1012 504 1078 commoventur.
542 1008 602 1060 Nec
616 1023 682 1061 vero
701 1009 839 1061 cumduo
855 1007 936 1060 Decii
950 1015 1001 1061 aut

141 1088 213 1140 'duo
236 1086 380 1156 Scipiones
401 1085 487 1140 fortes
506 1086 560 1138 viri
585 1093 837 1140 commemorantur
861 1095 910 1141 aut
934 1105 1001 1141 curn

155 1167 301 1220 Fabricius
319 1172 368 1220 aut
382 1158 521 1220 Aristides
539 1167 629 1220 iustus
646 1168 815 1237 nominatur,
829 1173 878 1222 aut
893 1170 928 1222 ab
943 1169 1001 1222 illis

155 1247 332 1301 fortitudinis
347 1253 399 1300 aut
418 1249 453 1301 ab
471 1247 515 1300 his
534 1248 659 1301 iustitiae
676 1241 820 1318 ta'mquam
838 1265 855 1301 a
874 1249 1001 1319 sapiente

155 1329 262 1399 petitur
283 1329 463 1398 exemplurn.'
486 1329 577 1382 Nemo
599 1329 674 1382 enim
692 1329 793 1382 horum
817 1329 857 1384 sic
881 1329 1000 1400 sapiens,
1019 1351 1021 1354 ·
1110 1345 1111 1404 j

156 1414 188 1463 ut
207 1409 361 1480 sapientem
375 1411 505 1462 volumus
522 1409 658 1478 intellegi,
671 1425 723 1462 nec
741 1409 780 1476 hi,
794 1410 845 1478 qui
859 1411 1002 1480 sapientes

156 1491 249 1544 habiti
269 1495 298 1544 et
318 1490 463 1555 nominati,
482 1491 519 1544 M.
536 1491 606 1542 Cato
628 1495 657 1543 et
678 1492 708 1543 O.
726 1491 845 1558 Laelius,
862 1491 1001 1560 sapientes

155 1571 277 1641 fuerunt,
291 1587 326 1624 ne
340 1571 384 1623 illi
399 1570 514 1639 quidem
529 1577 643 1639 septem,
657 1571 707 1624 sed
722 1587 756 1623 ex
772 1567 928 1624 mediorum
943 1572 1001 1624 offi-

155 1652 263 1704 ciorum
281 1651 437 1720 frequentia
459 1651 672 1704 similitudinem
692 1651 843 1720 quamdam
858 1653 1002 1721 'gerebant

156 1733 333 1801 speciemque
359 1731 535 1801 sapientium.
571 1734 612 1784 17.
629 1732 766 1798 Quocirca
789 1727 840 1784 nec¹
863 1733 904 1801 id,
923 1734 1000 1801 quod

155 1827 220 1865 vere
234 1813 383 1864 honestum
401 1817 450 1878 est,
464 1812 505 1864 fas
524 1815 566 1882 est
584 1828 648 1864 curn
666 1809 798 1864 utilitatis
812 1814 1002 1882 repugnantia

149 1890 312 1960 'comparari
324 1907 375 1944 nee
387 1891 426 1959 id,
437 1893 515 1958 quod
531 1892 715 1944 communiter
729 1889 903 1962 appellamus
915 1893 1002 1946 hone-

155 1976 237 2038 stum,
254 1971 331 2039 quod
350 1971 451 2024 colitur·
472 1973 507 2024 ab
526 1972 569 2041 iis,
585 1971 634 2040 qui
652 1973 741 2025 bonos
762 1989 791 2026 se
809 1971 884 2028 viros
903 1974 1002 2028 haberi

155 2054 340 2121 Volautrum
354 2052 549 2105 emolumentis
563 2069 696 2122 umquam
715 2057 756 2106 est
771 2051 1001 2124 comparandum,

155 2139 269 2204 tamque
284 2135 316 2187 id
331 2135 488 2202 honesturn,
501 2133 579 2202 quod
593 2133 626 2185 in
638 2138 764 2186 nostram
776 2133 1003 2204 intellegentiam

156 2214 1001 2283 cadit,triendnmconservandumquenobisestquamillnd,

156 2296 235 2364 quod
249 2295 362 2366 proprie
377 2295 482 2348 dicitur
496 2310 616 2362 vereque
635 2283 853 2361 est'honestum,
869 2296 1001 2364 sapienti-

148 2377 215 2431 1bus.
246 2377 338 2430 Aliter
351 2377 425 2430 enim
437 2376 524 2428 teneri
535 2392 591 2428 non
603 2380 704 2444 potest,
715 2375 739 2428 si
752 2391 808 2443 qua
821 2377 858 2430 ad
867 2380 1000 2430 virtutem

149 2463 198 2510 -eat
208 2457 285 2511 facta·
293 2458 459 2528 progressio.
498 2457 553 2510 Sed
565 2457 635 2510 haec
645 2455 760 2524 quidem
774 2457 810 2509 de
821 2456 865 2524 iis,
874 2457 924 2526 qui
936 2474 1000 2510 con-

156 2538 311 2590 servatione
330 2539 484 2593 officiorum
503 2537 792 2594 existimantur-boni.
824 2539 864 2591 18.
880 2537 936 2605 Qui
953 2543 1000 2590 au·

156 2622 214 2668 tem
226 2617 319 2670 omnia
328 2618 482 2672 metiuntur
495 2617 689 2672 emolumentis
702 2621 731 2670 et
743 2617 899 2670 commodis
908 2633 999 2685 neque

149 2711 189 2748 -ea
203 2695 301 2746 volunt
319 2694 536 2764 praeponderari
554 2695 709 2762 honestate,
721 2693 753 2746 hi
774 2695 865 2748 solent
882 2694 913 2746 in
932 2693 999 2748 deli·

157 2774 280 2827 berando
294 2773 444 2827 honestum
459 2791 523 2828 eum
538 2791 579 2842 eo,
593 2776 670 2844 quod
685 2775 754 2826 utile
767 2779 877 2842 putant,
890 2790 998 2842 compa-

157 2871 232 2908 rare:
246 2852 314 2906 boni
323 2853 376 2907 viri
385 2869 440 2906 non
451 2856 549 2909 solent.
577 2855 677 2923 Itaque
687 2854 817 2906 existimo
827 2854 996 2919 Panaetium,

157 2951 222 2986 cum
234 2933 339 2987 dixerit
351 2934 502 2987 “homines
517 2935 604 2988 solere
617 2935 646 2986 in
661 2936 713 2987 hac
728 2934 937 3004 comparatione
949 2935 997 2986 du·

157 3014 273 3081 bitare,'’
292 3014 347 3064 hoc
370 3012 463 3080 ipsum
487 3014 610 3080 sensisse,
627 3015 704 3082 quod
728 3015 839 3082 dixerit,
861 3013 996 3067 “solere'’

157 3093 251 3157 modo,
261 3107 317 3142 non
329 3088 414 3141 etiam
428 3091 443 3117 “
452 3093 604 3156 oportere.'’
631 3092 753 3166 Etenim
767 3110 823 3145 non
839 3094 925 3147 inodo
940 3094 997 3163 plu-
