2256 3448
329 115 397 163 LIB.
414 113 476 174 1112,
491 113 569 162 CAP.
586 113 623 161 11.
640 112 701 173 111,
717 111 815 171 §7-15.
952 115 998 162 153

150 216 206 269 eos,
218 198 268 268 qui
280 197 403 268 primurn
415 197 484 248 haec
496 199 597 248 natura
609 196 788 248 cohaerentia
800 193 932 264 opinione
943 196 998 248 dis-

150 280 310 334 traxissent.
345 277 398 330 Oui
413 277 526 345 quidem
541 276 583 329 ita
598 281 663 328 sunt
679 276 768 330 Stoici
783 276 902 345 adsensi,
914 281 947 330 ut
962 284 998 344 et,

151 360 295 431 quidquid
310 359 460 411 honestum
478 361 557 424 esset,
571 357 604 410 id
620 357 691 410 utile
710 373 769 410 esse
789 362 934 410 censerent
947 373 999 410 nec

151 443 222 495 utile
237 440 394 510 quidquam
409 440 487 508 quod
505 455 563 491 non
581 439 740 492 honestum.
776 441 817 492 12.
835 438 919 504 Quod
937 438 961 492 si
974 438 999 490 is
1042 481 1046 494 .

152 527 225 576 esset
240 520 401 587 Panaetius,
415 519 465 588 qui
479 519 614 574 virtutem
628 525 778 588 propterea
795 520 943 572 colendam
958 518 1000 570 di-

152 607 235 671 ceret,
246 601 324 670 qnod
337 617 369 653 ea
381 599 501 652 efficiens
514 599 647 652 utilitatis
661 603 741 667 esset,
751 603 784 651 ut
795 599 825 667 ii,
836 599 886 667 qni
898 616 941 652 res
953 615 1000 652 ex·

76 695 77 698 ’
152 683 290 753 petendas
297 682 344 736 vel
353 681 499 750 voluptate
508 681 554 734 vel
563 679 721 733 indolentia
731 679 892 748 metiuntur,
903 680 1000 732 liceret

153 765 180 816 ei
192 764 287 817 dicere
300 761 452 814 utilitatem
463 760 616 828 aliquando
629 776 695 813 cum
707 761 852 813 honestate
865 776 999 829 pugnare.

155 845 219 911 Sed,
230 859 296 896 cum
310 842 347 894 sit
359 841 392 910 is,
403 841 451 910 qui
466 841 499 894 id
513 842 603 895 solum
618 841 724 899 bonum
736 840 852 908 iudicet,
861 841 939 909 quod
951 841 1000 892 ho-

153 928 264 976 nestum
277 921 321 990 sit,
332 938 403 989 quae
417 927 509 974 autem
521 921 588 974 huic
600 926 758 991 repugnent
772 920 864 990 specie
876 921 1000 988 quadam

153 1003 294 1071 utilitatis,
304 1018 400 1056 eorum
412 1017 503 1069 neque
516 1003 673 1056 accessione
687 1002 832 1056 meliorem
841 1001 930 1058 vitam
940 1000 1001 1056 fieri

154 1101 205 1137 nec
216 1083 379 1137 decessione
388 1081 520 1152 peiorem,
528 1099 587 1138 non
594 1083 707 1136 videtur
716 1083 844 1137 debuisse
853 1083 913 1136 eius
922 1081 1001 1136 modi

155 1163 387 1218 deliberationem
395 1162 581 1232 introducere,
589 1163 621 1216 in
630 1171 686 1233 qua
694 1165 771 1233 quod
780 1165 849 1218 utile
857 1164 1001 1219 videretur

154 1262 218 1300 cum
229 1261 270 1312 eo,
281 1243 359 1317 quod
368 1243 516 1298 hone‘stnm
527 1250 576 1311 est,
585 1249 799 1315 compararetur.
832 1247 873 1298 13.
887 1243 1000 1297 Etenim

154 1327 234 1395 quod
249 1341 388 1379 summum
402 1325 509 1378 bonum
527 1342 544 1379 a
563 1325 665 1380 Stoicis
678 1324 1001 1400 dicitur,'convenienter

154 1412 271 1460 naturae
290 1407 393 1475 vivere,
405 1406 437 1460 id
455 1407 541 1461 habet
559 1407 640 1475 hanc,
653 1409 686 1458 ut
704 1405 811 1474 opinor,
825 1398 999 1472 sententiam,

155 1504 220 1542 cum
235 1487 340 1541 virtute
355 1503 508 1557 congruere
525 1503 640 1556 semper,
653 1490 744 1540 cetera
759 1491 860 1553 autem,
873 1501 945 1554 quae
960 1501 1001 1538 se-

155 1570 282 1623 cundum
300 1573 428 1622 naturam
448 1572 546 1636 essent,
561 1567 602 1621 ita
618 1569 717 1637 legere,
734 1566 758 1619 si
776 1583 809 1620 ea
825 1567 926 1620 virtuti
943 1583 999 1619 non

156 1653 353 1720 repugnarent.
387 1649 471 1715 Quod
488 1665 552 1701 oum
566 1649 607 1701 ita
622 1649 666 1716 sit,
679 1651 781 1718 putant
796 1647 912 1716 quidam
927 1648 1001 1700 hanc

157 1729 395 1800 comparationem
410 1745 467 1781 non
483 1734 556 1782 recte
571 1729 761 1782 introductam
773 1743 825 1781 nec
837 1728 951 1781 omnino
964 1727 1000 1780 de

157 1809 798 1886 eogenerequidquampraecipiendumfuisse.
823 1809 918 1878 Atque
927 1809 1001 1862 illud

158 1891 273 1960 quidem
285 1891 443 1956 honestum,
454 1889 531 1957 quod
544 1889 657 1959 proprie
669 1906 789 1958 vereque
805 1889 916 1958 dicitur,
926 1890 958 1942 id
970 1889 1000 1941 in

157 1967 330 2042 sapientibus
348 1976 390 2024 est
407 1971 475 2024 solis
492 1987 583 2040 neque
601 1989 618 2024 u
632 1971 736 2024 virtute
755 1972 853 2026 divelli
867 1987 1000 2040 umquam

157 2057 259 2122 potest,
272 2051 303 2105 in
317 2051 353 2104 iis
368 2056 470 2119 autem,
483 2051 513 2104 in
528 2052 632 2120 quibus
650 2052 789 2121 sapientia
806 2052 930 2120 perfecta
943 2067 1001 2104 non

158 2139 208 2202 est,
222 2133 316 2202 ipsum
339 2132 412 2186 illud
433 2131 547 2201 quidem
571 2132 724 2202 perfectum
749 2126 898 2184 honestum
921 2133 1000 2183 nullo

157 2214 252 2281 modo,
267 2212 468 2266 similitudines
489 2213 601 2266 honesti
623 2229 681 2266 esse
704 2216 830 2282 possunt.
865 2212 906 2266 14.
923 2212 1001 2264 Haeo

158 2294 233 2347 enim
250 2293 368 2362 [omnio]
383 2285 481 2361 officia,
495 2293 531 2346 de
544 2293 646 2362 quibus
661 2292 706 2345 his
720 2291 799 2345 libris
809 2291 1000 2360 ,disputamus

157 2373 252 2428 media
265 2373 353 2427 Stoici
366 2374 527 2442 appellant:
547 2390 579 2426 ea
593 2372 751 2426 communia
766 2377 831 2425 sunt
845 2377 874 2425 et
885 2373 941 2424 late
953 2388 1001 2442 pa-

101 2471 106 2479 ·
158 2459 227 2522 tent,
238 2471 309 2524 quae
320 2459 348 2508 et
357 2453 465 2523 ingenii
475 2454 600 2506 bonitate
610 2454 693 2508 multi
701 2455 893 2522 adsequuntur
902 2457 930 2506 et
939 2469 1001 2522 pro

159 2535 298 2604 gressione
308 2533 445 2588 discendi.
477 2535 553 2588 illud
564 2539 658 2589 autem
667 2535 797 2600 officium,
808 2535 886 2603 quod
895 2539 1001 2587 rectum

158 2615 246 2668 iidem
261 2615 413 2684 appellant,
420 2613 578 2684 perfectum
593 2619 677 2683 atque
692 2615 852 2668 absolutum
867 2619 909 2668 est
924 2620 959 2683 et,
969 2618 1002 2667 ut

150 2696 245 2749 iidem
261 2695 370 2763 dicunt,
384 2711 479 2748 omnes
493 2711 622 2748 numeros
637 2696 723 2750 habet
736 2711 788 2749 nee
802 2701 912 2765 practer
930 2695 1002 2765 sepi-

73 2833 77 2840 ,
113 2799 117 2806 ·
159 2783 253 2829 entem
271 2775 372 2828 cadere
390 2774 419 2826 in
440 2791 608 2843 quemquam
626 2780 727 2844 potest.
762 2779 804 2830 15.
820 2777 891 2830 Oum
908 2782 1002 2830 autem

159 2856 268 2926 aliquid
281 2861 375 2909 actum
390 2859 433 2908 est
444 2855 475 2907 in
488 2872 544 2924 quo
558 2856 652 2909 media
667 2855 759 2910 officia
773 2861 959 2926 compareant,
969 2856 1002 2908 id

159 2938 300 2991 cumulate
314 2936 429 2989 videtur
443 2952 501 2988 esse
515 2935 678 3006 perfectum,
691 2941 839 3007 propterea
854 2938 931 3006 quod
943 2938 1002 2990 vul-

158 3035 212 3088 gus
223 3017 294 3086 quid
307 3017 380 3069 absit
393 3033 409 3068 a
420 3015 546 3085 perfecto
558 3033 615 3069 non
624 3016 680 3070 scre
692 3017 849 3086 intellegit:
865 3021 1002 3084 quatenus

158 3103 253 3152 autem
262 3096 412 3166 intellegit,
421 3096 493 3149 nillil
502 3101 585 3166 putat
595 3098 833 3166 praetermissum:
849 3096 926 3164 quod
934 3096 1002 3150 item
