2272 3442
568 1 690 54 „portet
710 1 740 54 ι’]
758 1 783 54 ἴ
839 1 881 54 af
918 1 935 47 ἢ
959 54 964 72 ¹

134 115 166 162 ιι
359 107 397 155 u.
415 102 543 157 ‘ruam
561 87 752 152 orounortrs

133 189 281 257 disputaris
289 185 356 256 quid
368 184 477 252 sentias,
485 183 595 253 qualem
604 181 752 248 existimes,
758 195 829 250 quae
837 184 982 251 praecepta

133 263 192 317 des.
210 265 313 317 Sennv.
325 261 394 316 Mihi
405 275 470 314 vero
480 261 651 328 [pergratum
661 258 741 322 erit];
756 259 843 325 atquc
853 257 883 310 id
894 258 983 325 ipsum

133 355 218 404 quum
229 342 321 392 tecum
333 352 416 403 agero
428 351 548 401 conarer,
561 333 681 386 Fannius
692 333 848 385 antevertit
886 334 984 398 Quam,
1058 383 1060 392 ,

133 412 227 466 obrem
240 413 351 479 utrique
363 415 425 464 nost
459 427 486 462 m
497 413 607 477 gratum
619 408 765 462 admodum
777 408 881 460 feceris.

185 488 219 541 V.
239 491 278 545 17.
307 427 554 554 Lsnffio‘vero
572 501 626 538 non
645 500 781 552 gravarer,
800 483 824 535 si
841 483 908 536 mihi
924 483 983 552 ipse

134 563 313 626 confiderem
330 579 393 616 nam
405 565 434 616 et
446 562 585 630 praeclara
596 577 641 616 res
651 564 702 628 cst,
715 562 745 614 et
756 576 857 627 sumus,
868 563 902 613 ut
913 560 984 616 dixit

136 639 263 707 Fannius,
275 638 362 692 otiosi.
398 637 454 692 Sed
466 637 528 704 quis
539 653 591 704 ego
608 638 685 691 sumi
701 639 750 690 aut
762 653 832 704 quae
844 639 927 694 estin
938 656 983 694 me

39 725 42 733 “
136 714 267 769 facultati
303 714 452 767 Doctorum
464 717 507 766 cst
524 711 579 766 ista
590 712 758 766 consuetudo
770 728 857 781 eaque
870 714 984 766 Gracco-

137 807 195 844 rnm
216 793 248 843 ut
268 788 301 842 iis
321 791 439 857 ponatur
459 787 495 840 do
514 782 569 854 quo
583 787 726 856 disputent
745 787 868 854 quamvis
886 779 983 840 subito.
1005 825 1009 833 ,

136 864 266 932 Magnum
290 880 358 932 opus
381 865 425 915 cst
448 865 566 929 egetque
589 861 786 914 exercitatione
809 878 864 914 non
891 878 983 929 parva.
1058 860 1074 918 ’,
1099 835 1131 914 ἱι

137 939 319 1004 Quamobrem
337 954 408 1006 quae
420 937 555 1010 disputari
572 937 608 989 de
626 935 746 990 amicitia
757 939 879 1004 possunt,
891 936 926 988 ab
943 937 983 991 ois

135 1031 232 1068 censeo
254 1015 357 1083 potatis
380 1013 427 1082 qui
450 1013 504 1067 ista
522 1012 692 1080 profitentur.
727 1011 786 1078 Ego
809 1027 857 1064 vos
880 1011 983 1064 hortari

135 1093 243 1144 tantum
260 1104 371 1158 possum
391 1090 423 1140 ιιι
443 1086 591 1140 anricitiam
611 1086 735 1140 omnibus
760 1086 842 1140 rebus
859 1085 983 1140 humanis

135 1164 322 1234 anteponatis:
346 1162 412 1216 nihil
432 1165 476 1216 est
500 1162 573 1214 enim
590 1165 647 1214 tam
673 1165 787 1216 naturae
807 1165 901 1230 aptum
926 1166 983 1216 tam

135 1241 296 1294 conveniens
314 1237 350 1292 ad
368 1255 413 1291 res
431 1238 475 1292 vel
494 1237 626 1291 secundas
638 1238 681 1291 vel
698 1237 834 1290 adversas.
872 1245 909 1292 18.
928 1239 983 1292 Sed

136 1317 186 1368 hoc
210 1315 328 1388 primurn
347 1313 434 1367 sentio
458 1313 511 1366 nisi
534 1313 562 1366 in
586 1313 665 1366 bonis
688 1313 834 1366 amicitiam
853 1329 983 1366 essenon

135 1409 229 1462 posse;
245 1406 335 1460 neque
346 1389 376 1441 id
388 1389 424 1442 ad
435 1389 525 1442 vivum
537 1404 637 1456 reseco,
649 1391 681 1442 ut
693 1388 732 1441 illi
751 1389 798 1456 qui
815 1388 882 1442 haee
898 1388 982 1442 subti-
1074 1393 1078 1404 ’
1130 1395 1131 1402 ’

135 1469 188 1520 lius
200 1467 346 1534 disserunt,
354 1465 469 1519 fortasse
477 1481 541 1518 vere
552 1464 602 1517 scd
613 1463 650 1516 ad
659 1479 827 1517 communem
835 1464 983 1516 utilitatem

136 1561 247 1610 parum
264 1545 365 1609 negant
377 1541 448 1594 enim
461 1556 624 1608 quemquam
636 1539 724 1591 virum
737 1538 842 1591 vbonum
855 1555 914 1591 csse
931 1539 983 1592 nisi

136 1619 294 1686 sapientem.
328 1616 369 1669 sit
382 1616 421 1668 ita
435 1631 498 1666 sane
507 1635 514 1677 ;
532 1614 655 1667 sedeam
673 1613 832 1682 sapientiam
850 1613 983 1682 interpro-

135 1697 230 1747 tantur
243 1709 324 1761 quam
336 1691 425 1744 adhuc
436 1689 559 1743 mortalis
576 1706 655 1742 nemo
668 1694 710 1742 ost
725 1692 890 1742 consecutus.
925 1689 950 1742 N
953 1706 983 1744 os

136 1772 228 1824 autem
249 1783 369 1834 eaquae
387 1769 451 1819 sunt
470 1765 499 1818 in
517 1781 568 1818 usu
588 1763 699 1832 vitaque
718 1765 859 1832 connnuni,
879 1782 931 1818 non
950 1782 983 1820 ea

136 1860 206 1912 quae
224 1842 365 1909 finguntur
383 1844 431 1894 aut
444 1844 581 1909 optantur,
594 1844 717 1908 spectare
737 1839 873 1894 debemus
909 1842 983 1894 Nun-

136 1936 218 1990 quam
237 1935 288 1986 ego
307 1917 396 1970 dicam
415 1917 443 1970 O.
455 1915 617 1980 Fabricium,
631 1915 679 1968 Μ’.
694 1915 813 1979 Curium,
827 1917 866 1969 Ti.
880 1916 982 1968 Corun-

135 1996 249 2060 canium,
271 2009 339 2061 quos
360 1992 495 2060 sapientes
514 1992 600 2044 nostri
621 1990 739 2058 majores
758 1989 928 2058 judicabant,
945 1989 982 2043 ad

136 2073 250 2123 istorum
269 2085 390 2122 normam
410 2067 494 2120 fuisse
510 2067 652 2134 sapientes.
689 2065 779 2130 Quare
796 2065 847 2120 sibi
865 2065 983 2119 habeant

137 2145 285 2213 sapientiae
297 2161 394 2197 nonren
408 2147 436 2196 et
447 2143 609 2196 invidiosum
620 2147 650 2196 et
658 2141 817 2207 obscurum
835 2142 983 2196 concedant

136 2227 169 2276 ιιι
180 2221 209 2274 1ιί
221 2221 284 2274 boni
298 2219 349 2274 viri
365 2219 474 2273 fuerint.
504 2219 552 2283 ‚Ne
568 2219 598 2270 id
617 2217 729 2286 quidem
747 2219 856 2273 facient.
893 2219 983 2286 Nega·

138 2297 209 2351 bunt
220 2297 249 2350 id
261 2295 313 2350 nisi
326 2295 442 2364 sapienti
459 2311 539 2362 posse
551 2295 669 2349 concedi.
706 2301 744 2347 19.
765 2297 887 2362 Agamus
899 2295 984 2362 igitur

80 2441 81 2445 Ἰ
138 2372 232 2440 pingui
244 2371 375 2438 Minerva,
386 2374 418 2428 ut
429 2370 513 2425 aiunt.
551 2369 603 2432 Qui
616 2369 654 2422 ita
667 2386 695 2421 se
713 2373 818 2434 gerunt,
832 2368 871 2419 ita
883 2371 983 2432 vivunt,

137 2452 169 2502 ιιι
191 2465 284 2502 eorum
302 2447 434 2512 probetur
455 2445 530 2512 fides,
547 2443 699 2509 integritas,
712 2444 844 2510 aequitas,
865 2443 984 2496 liberali-

137 2527 188 2592 tas,
196 2543 247 2580 nco
255 2526 326 2580 sitin
334 2526 373 2580 eis
380 2519 436 2578 ulla
443 2521 578 2587 cupiditas
585 2524 628 2575 vel
636 2521 721 2574 libido
729 2522 772 2574 vel
785 2519 905 2584 audacia,
918 2519 984 2572 sint-
1017 2557 1021 2564 .

138 2615 191 2664 quc
204 2613 302 2663 magna
314 2595 472 2661 constantia,
483 2599 515 2648 ut
527 2595 546 2646 ii
555 2597 665 2646 fuerunt
674 2594 753 2646 modo
764 2610 831 2662 quos
839 2593 983 2660 nominavi,

138 2675 187 2726 hos
206 2673 277 2725 viros
293 2671 384 2736 bonos',
406 2675 437 2724 ut
455 2669 543 2723 habiti
562 2672 636 2736 sunt„
652 2669 690 2721 sic
709 2669 791 2722 etiam
809 2669 984 2738 appellandos

121 2752 272 2818 putemus,
302 2747 366 2816 quia
395 2747 543 2813 sequantur
573 2747 704 2812 quantum
726 2745 848 2798 homiues
871 2751 986 2815 possunt

138 2827 264 2876 naturum
276 2823 405 2891 optimam
423 2821 493 2875 bene
504 2819 611 2874 vivendi
630 2822 732 2876 ducem.
768 2823 812 2877 Sic
830 2823 902 2876 enim
920 2822 987 2875 mihi

140 2893 293 2967 perspicere
311 2896 413 2964 videor,
432 2897 472 2949 ita
489 2899 568 2950 natos
590 2913 649 2950 esso
672 2916 721 2951 nos
745 2907 777 2952 ut
800 2901 874 2954 iuter
892 2916 986 2952 omnes

140 2977 213 3028 esset
225 2975 339 3028 societas
348 2972 490 3041 quaedam,
497 2971 585 3038 major
594 2977 685 3027 autem
693 2976 851 3044 utquisque
863 2975 986 3044 proximo

140 3050 288 3106 accederet.
325 3049 424 3116 Itaque
445 3047 516 3100 eires
534 3047 653 3114 potiores
672 3068 752 3118 quam
769 3053 913 3120 peregrini,
924 3068 986 3122 pro

140 3127 235 3195 pinqui
254 3141 335 3196 quarn
354 3121 451 3178 alieni:
479 3137 540 3175 omn
563 3121 607 3176 his
626 3125 696 3178 euim
718 3127 877 3182 :unicitianr
888 3131 988 3182 natura
