2272 3442
133 87 163 134 42
200 57 209 77 '
361 83 399 131 M.
417 50 547 132 uuum
563 31 766 141 oiouaonss⁰
819 53 825 58 ’

135 165 236 216 Videre
251 163 311 230 jam
320 162 417 216 videor
428 163 559 231 populum
571 169 588 214 a
600 166 677 214 sonat
708 161 883 230 disjunctum,
892 162 986 217 multi-

62 292 66 298 ,
131 239 236 291 tudinis
250 238 364 290 arbitrio
380 255 424 290 res
437 239 569 292 maximas
584 239 635 305 agi.
695 239 768 291 lures
789 239 862 292 enim
878 239 985 293 discent

77 321 79 328 ’
132 317 364 386 quemadmodum
394 317 459 370 haec
484 317 551 369 fiant
575 308 657 385 <sciam
682 317 912 384 quemadmodum
941 317 985 370 his

132 396 284 448 resistatur.
290 403 312 458 oq
320 400 363 446 42.
383 394 519 458 Quorsum
531 395 598 449 haec
609 396 617 448 l
655 395 726 466 Quia
738 395 796 447 sine
806 395 885 448 sociis
904 411 984 448 nemo

132 472 283 540 quidquam
296 471 351 524 tale
361 475 484 526 conatur.
523 471 748 540 Praecipiendum
761 474 804 524 est
811 471 897 538 igitur
905 471 984 524 bonis

131 552 170 616 ut,
184 547 206 600 si
219 548 247 600 in
260 547 394 616 ejusmodi
407 549 539 602 amicitias
551 549 639 616 ignari
651 565 716 602 casu
727 548 819 616 aliquo
831 547 983 615 inciderint,

73 627 86 644 ““
131 643 166 680 ne
179 625 338 692 existiment
350 626 389 680 ita
402 643 431 678 sc
443 626 569 692 alligatos
588 629 620 678 ut
634 625 669 678 ab
681 625 775 678 amicis
790 625 819 677 in
831 641 862 677 re
875 623 984 692 publica

18 763 20 776 Δ
86 726 100 780 q
132 701 374 768 peccantibusnon
393 702 549 754 discedant:
566 701 698 769 improbis
714 705 807 754 eutem
824 716 912 770 poena
929 704 984 753 sta·

18 779 28 866 'q
58 745 76 798 Ἀ
131 778 235 831 tuenda
248 782 306 843 est;
323 795 373 830 nec
385 794 449 830 vero
462 778 550 830 minor
561 777 595 829 iis
605 778 653 845 qui
666 778 753 831 secuti
765 781 846 831 crunt
858 777 984 842 alterum,

27 904 32 912 ,
132 871 213 920 quam
231 855 265 907 iis
284 854 331 922 qui
343 854 395 922 ipsi
406 854 509 906 fuerint
520 853 670 922 impietatis
682 855 773 908 duces.
809 853 876 917 Quis
888 853 985 906 clarior
1062 862 1064 866 '

133 928 160 982 iu
169 929 283 982 Graecia
290 929 486 983 Themistoclel
505 929 567 997 quis
576 931 730 998 potentiori
748 929 796 998 qui
806 945 889 998 quum
898 929 984 996 impe-

40 1044 43 1051 .
132 1004 402 1058 ratorbelloPersico
410 1005 542 1059 servitute
552 1005 694 1060 Graeciam
702 1005 984 1072 liberassetpropter-

40 1129 54 1154 q
134 1096 189 1148 quc
198 1080 328 1132 invidiam
338 1079 366 1132 iu
378 1080 503 1132 exsilium
514 1081 642 1147 expulsus
652 1085 733 1147 esset,
743 1081 867 1147 ingratae
878 1082 985 1149 patriae

134 1155 260 1222 iujuriam
273 1171 327 1207 non
339 1154 403 1208 tulit
416 1171 497 1223 quam
509 1156 581 1208 ferre
595 1155 697 1210 debuit.
734 1155 812 1209 Fecit
824 1156 897 1208 idem
911 1156 985 1224 quod

135 1247 173 1283 xx
185 1231 261 1283 arinis
273 1233 336 1284 ante
349 1231 423 1299 apud
434 1248 483 1284 nos
494 1232 598 1284 fecerat
611 1231 776 1286 Coriolanus,
808 1232 861 1284 His
873 1232 985 1299 adjutor

79 1303 89 1326 ¹
135 1315 229 1360 contra
245 1307 363 1376 patriam
378 1307 505 1361 iuventus
522 1311 565 1361 est
582 1323 673 1362 nemo:
692 1307 786 1374 itaque
802 1311 919 1359 mortem
931 1307 984 1360 sibi

135 1389 251 1451 uterque
261 1383 398 1438 conscivit.
427 1390 469 1438 43.
482 1384 572 1448 Quare
580 1383 642 1436 talis
651 1383 835 1450 improborum
843 1383 984 1436 consensio
1040 1395 1042 1404 ¹
1117 1373 1118 1400 ³

77 1453 95 1482 ’“
134 1477 188 1512 non
208 1461 288 1513 modo
306 1461 480 1513 excusatione
499 1460 634 1512 amicitiae
656 1458 774 1525 tegenda
793 1475 847 1510 non
868 1463 917 1523 est,
935 1458 985 1512 scd
1023 1460 1061 1516 Α]
1117 1467 1118 1518 ἶ

132 1536 366 1620 potippsppplicio
377 1536 449 1586 omni
460 1535 628 1601 vindicanda,
637 1539 669 1586 ut
678 1551 712 1587 ue
723 1534 783 1602 quis
792 1532 868 1602 [sibi]
878 1550 985 1586 conces-
1034 1537 1045 1580 l
1117 1535 1118 1586 3

134 1603 287 1693 suuispiitct
295 1611 416 1672 amicum
427 1609 470 1662 vel
486 1609 587 1662 bellum
601 1610 706 1677 patriae
721 1609 884 1662 inferentem
899 1609 984 1677 sequi
1011 1581 1037 1690 Ca
1117 1663 1118 1682 ζ

135 1687 213 1750 Quod
226 1687 344 1755 quidem,
357 1689 389 1738 ut
401 1703 446 1739 res
458 1685 548 1753 coepit
560 1685 608 1753 ire,
626 1686 700 1740 haud
717 1687 772 1741 scio
784 1704 819 1741 an
830 1677 1019 1762 W&

133 1762 255 1814 futurum
268 1762 311 1814 sit.
347 1761 416 1814 Mihi
436 1765 528 1814 autem
544 1779 597 1814 nim
618 1763 715 1816 minori
734 1780 825 1816 curae.
835 1768 878 1817 est
894 1761 982 1831 qualis

133 1853 178 1888 res
190 1837 298 1902 publica
310 1840 372 1905 post
385 1841 502 1890 mortem
521 1854 610 1890 meam
628 1838 722 1892 futura
738 1840 774 1893 sit
793 1855 875 1908 quam
894 1838 982 1907 qualis

133 1913 269 1966 hodiesit.
801 1956 803 1963 .
830 1977 833 1984 ,

187 1989 272 2044 ΧΙΙΙ.
293 1994 334 2043 44.
354 1989 431 2043 Haec
444 1990 530 2058 igitur
541 1991 684 2060 primalex
696 1992 832 2046 amicitiae
845 1993 982 2046 sanciatur

134 2070 164 2120 ut
177 2067 211 2120 ab
224 2065 318 2120 amicis
328 2066 442 2120 honesta
454 2071 587 2134 petamus,
606 2069 754 2122 amicorum
773 2085 853 2122 causa
868 2069 983 2122 honesta

133 2143 280 2210 faciamus;
297 2159 332 2196 ne
351 2149 539 2212 exspectemus
559 2145 671 2214 quidem
688 2145 753 2198 dum
765 2163 908 2214 rogemur;
925 2148 982 2197 stu-

134 2221 209 2274 dium
222 2229 330 2290 se'mper
341 2219 421 2288 adsit,
435 2221 571 2276 cunctatio
583 2222 670 2276 absit:
687 2217 904 2276 consilium'vero
916 2221 983 2274 dare

133 2297 283 2352 audeamus
295 2297 398 2363 libere3
411 2297 560 2366 plurimum
572 2299 600 2352 in
613 2299 733 2352 amicitia
749 2299 896 2351 amicorum
913 2297 983 2350 bene

133 2374 306 2428 suadentium
327 2373 417 2426 valeat
436 2374 592 2441 auctoritas,
612 2391 699 2442 eaque
718 2377 747 2426 et
766 2372 930 2442 adhibeatur
946 2371 984 2424 ad

133 2451 297 2503 monendum
314 2467 368 2502 non
387 2449 468 2502 modo
484 2453 580 2516 aperte
600 2447 649 2500 sed
669 2449 752 2501 etiam
772 2445 879 2512 acriter,
897 2445 919 2497 si
938 2461 983 2498 res

133 2526 290 2592 postulabit,
304 2529 332 2578 et
344 2525 483 2576 adhibitae
496 2528 632 2591 pareatur.
670 2529 711 2574 45.
730 2523 801 2576 Nam
809 2520 983 2588 quibusdam,

133 2617 201 2668 quos
214 2601 295 2652 audio
309 2599 446 2667 sapientes
458 2599 566 2652 habitus
578 2600 606 2651 in
617 2598 738 2664 Graecia,
747 2598 880 2666 placuisse
888 2597 984 2666 opinor

133 2676 268 2728 mirabilia
285 2674 434 2744 quaedam:
452 2674 501 2726 sed
520 2675 587 2727 nihil
607 2677 650 2727 est
670 2675 744 2741 quod
759 2675 799 2728 illi
819 2691 872 2727 non
891 2691 983 2742 persc-

133 2755 253 2818 quantur
282 2751 337 2804 suis
359 2750 488 2818 argutiis:
508 2752 609 2820 partim
630 2750 775 2818 fugiendas
800 2767 859 2804 esse
885 2751 983 2803 nimias

132 2827 266 2880 amicitias
278 2844 313 2881 ne
324 2821 434 2880 necesse
454 2828 490 2880 sit
501 2845 584 2880 unum
602 2827 747 2880 sollicitum
764 2845 824 2881 esse
836 2843 886 2896 pro
902 2827 984 2896 pluri-

135 2903 201 2956 bus:
221 2903 287 2956 satis
300 2919 436 2972 superque
456 2921 516 2958 esse
528 2921 637 2958 suarum
650 2905 749 2973 cuique
768 2921 867 2972 rerum,
889 2905 984 2958 alienis

133 2981 213 3032 nimis
236 2979 370 3048 implicari
394 2980 538 3034 molestum
565 2998 642 3046 osse3
662 2982 911 3035 corninodissimum
924 2997 984 3034 csse

133 3074 215 3124 quam
239 3056 392 3110 laxissimas
413 3056 533 3110 habenas
557 3049 659 3112 habere
683 3059 826 3127 amicitiae,
849 3075 916 3127 quas
940 3057 984 3110 vol

133 3132 254 3194 adducas
265 3149 349 3202 quum
367 3132 434 3186 velis
452 3134 495 3188 vcl
513 3134 657 3199 remittas;
675 3137 757 3204 caput
776 3136 849 3190 enim
869 3151 929 3189 csse
947 3132 984 3186 ad

143 3268 202 3317 ,1)
