2256 3448
155 142 203 190 178
463 137 513 185 DE
530 137 682 188 OFFICIIS

153 239 220 292 opes
241 225 409 292 expetuntur
429 211 543 290 quoquo
565 223 660 290 modo,
679 237 735 274 non
755 225 889 291 poterunt
910 222 994 276 utiles

152 320 210 356 esse
229 318 293 355 curn
311 301 432 355 infamia.
470 303 536 354 Non
554 301 643 371 igitur
660 301 738 354 utilis
756 301 806 354 illa
821 302 852 356 L.
865 301 994 372 Philippi

153 384 185 450 Q.
193 384 224 436 F.
234 382 386 436 sententia:
403 398 472 450 quas
484 382 612 434 civitates
621 383 651 435 L.
661 383 737 434 Sulla
746 382 866 451 pecunia
878 389 995 452 accepta

151 480 187 516 ex
200 469 311 516 senatus
326 465 454 516 consulto
467 463 648 530 liberavisset,
658 467 690 514 ut
703 479 750 514 eae
764 478 859 542 rursus
871 463 994 532 vectiga-

152 545 193 596 les
210 547 301 597 essent
315 560 405 612 neque
420 544 455 596 iis
468 542 625 612 pecuniam,
640 559 723 610 qnam
737 559 789 611 pro
804 543 934 596 libertate
948 546 994 596 de

152 625 260 691 derant,
270 625 457 678 redderemus.
493 623 529 676 Ei
541 628 654 676 senatus
669 627 711 675 est
724 623 864 677 adsensus.
902 625 993 692 Turpe

101 732 105 740 ·
151 705 285 774 imperio!
322 704 477 757 Piratarum
493 703 567 756 enim
581 703 680 755 melior
691 702 762 754 fides'
774 719 859 770 qnam
874 709 992 756 senatus.

152 788 216 838 “At
234 791 317 838 aucta
331 785 488 854 vectigalia,
502 785 572 836 utile
590 784 703 852 igitur.”
740 784 890 852 Quousque
911 785 993 836 aude-

152 867 223 918 bunt
234 866 326 919 dicere
336 865 491 933 quidquam
503 864 572 916 utile
586 865 663 931 quod
675 880 733 916 non
745 865 914 918 honestunri
951 867 992 917 88,

152 947 250 999 Potest
268 951 361 997 autem
379 945 431 996 ulli
448 943 575 1011 imperio,
590 945 667 1012 quod
683 943 773 1012 gloria
792 945 878 997 debet
892 943 993 996 fuitum

152 1041 209 1078 esse
225 1030 255 1078 et
267 1023 463 1076 benevolentia
477 1023 622 1091 sociorum,
636 1023 706 1076 utile
721 1040 779 1077 esse
795 1024 892 1076 odium
911 1028 940 1076 et
953 1023 994 1075 in-

151 1105 255 1159 famia?
290 1106 352 1173 Ego
372 1104 456 1156 etiam
476 1119 540 1156 oum
559 1105 664 1157 Catone
684 1121 746 1156 meo
766 1120 848 1174 saepe
868 1103 992 1157 dissensi.

151 1185 243 1239 Nimis
261 1185 332 1238 mihi
346 1185 500 1254 praefracte
514 1184 666 1238 videbatur
681 1186 817 1237 aerarium
831 1185 993 1254 vectigalia-

152 1283 206 1336 que
222 1261 379 1334 deiendere,
392 1265 485 1318 omnia
499 1266 658 1334 publicanis
672 1267 883 1335 negare‚1nulta
902 1265 992 1332 sociis,

152 1364 216 1400 curn
228 1349 259 1400 in
269 1349 320 1399 hos
330 1347 448 1400 benefici
460 1362 519 1399 esse
529 1346 699 1414 deberemus,
709 1333 839 1400 cumillis
851 1346 892 1398 sic
904 1361 993 1416 agere,

150 1434 184 1481 ut
199 1445 262 1481 curn
281 1428 388 1481 colonis
406 1427 508 1480 nostris
526 1428 683 1495 soleremus
698 1443 785 1494 eoque
804 1427 902 1496 magia,
916 1427 993 1494 quod

151 1510 200 1561 illa
219 1509 349 1560 ordinum
367 1507 527 1560 coniunctio
546 1507 714 1561 adsalutem
733 1507 773 1560 rei
789 1507 919 1576 pubIIcae
934 1523 994 1576 per·

151 1589 267 1642 tinebat.
305 1588 378 1640 Male
396 1587 482 1640 etiam
500 1586 592 1655 Curio,
608 1603 672 1639 eum
692 1603 803 1640 causam
818 1588 994 1656 Transpada·

151 1685 252 1721 norum
271 1684 387 1736 aequam
407 1685 465 1720 esse
484 1667 604 1734 dicebat,
617 1683 725 1736 semper
743 1673 836 1724 autern
855 1667 993 1720 addebat:

153 1751 169 1778 “
178 1749 280 1802 Vincat
298 1747 406 1800 utilitas
415 1749 439 1800 I'’
476 1747 576 1800 Potius
594 1748 699 1800 diceret
715 1764 772 1800 non
792 1763 849 1800 esse
868 1762 993 1816 aequam,

152 1829 219 1895 quia
234 1844 291 1878 non
306 1833 379 1879 esset
392 1827 471 1879 utilis
486 1828 526 1880 rei
540 1829 678 1896 publicae,
692 1845 776 1896 quam
791 1845 855 1881 euin
870 1845 926 1880 non
941 1827 1010 1886 uti-¹

152 1910 207 1960 iem
220 1907 325 1959 diceret
337 1923 403 1974 esse,
415 1923 532 1975 aequam
544 1908 684 1962 fateretur.

187 1988 293 2040 XXIII.
331 1989 373 2040 89.
389 1989 492 2040 Plenus
505 1992 546 2040 est
558 1993 652 2041 sextus
664 1990 735 2042 liber
747 1990 782 2042 de
795 1989 893 2042 officiis
906 1990 994 2042 Heca-

152 2070 226 2122 tonis
241 2069 340 2122 talium
356 2069 567 2136 quaestionum:
587 2070 690 2123 “Sitne
705 2070 773 2123 boni
787 2070 840 2122 viri
858 2070 889 2122 in
907 2069 994 2122 maxi-

152 2167 198 2203 rna
211 2150 326 2202 caritate
339 2149 465 2202 annonae
477 2149 613 2202 familiam
627 2167 685 2202 non
700 2153 772 2204 aiere
781 2152 809 2204 I'’
844 2151 878 2202 In
893 2156 994 2202 utram-

153 2247 206 2299 que
219 2235 327 2299 partem
340 2229 473 2298 disputat,
483 2229 531 2281 sed
541 2234 635 2282 tamen
648 2232 685 2283 ad
696 2236 849 2284 extremum
862 2231 994 2297 utilitate,

152 2317 185 2362 ut
208 2316 297 2379 putat,
319 2309 441 2363 officium
466 2309 565 2378 dirigit
589 2311 680 2380 magis
705 2328 788 2380 quam
808 2311 993 2364 humanitate.

153 2391 276 2458 Quaerit,
290 2389 338 2442 “si
356 2389 386 2440 in
405 2389 474 2442 man'
491 2389 598 2442 iactura
612 2391 743 2443 facienda
759 2391 802 2459 sit,
816 2391 918 2459 equine
934 2409 995 2461 pre-

153 2472 221 2524 ciosi
241 2471 336 2541 potius
358 2471 495 2523 iacturam
515 2471 602 2524 faeiat
624 2489 659 2524 an
679 2472 781 2526 servuli
800 2465 902 2526 uilis2'’
939 2473 994 2524 Hie

153 2552 208 2604 alio
221 2568 264 2604 res
276 2551 427 2619 familiaris,
438 2551 494 2603 alio
508 2552 588 2604 ducit
600 2552 765 2605 humanitas.
800 2554 815 2580 “
825 2552 855 2605 Si
867 2552 994 2605 tabulam

154 2633 189 2683 de
213 2632 358 2702 naufragio
383 2634 487 2684 stultus
511 2632 674 2701 adripuerIt,
696 2633 909 2700 extorquebitne
934 2635 994 2687 eain

153 2711 270 2780 sapiens,
290 2713 314 2762 si
338 2713 499 2781 potueriti”
535 2713 637 2780 Negat,
657 2713 748 2781 “quia
774 2713 811 2764 sit
834 2713 993 2767 iniurium.”

153 2791 272 2857 “Quidi
291 2792 422 2844 dominus
441 2792 520 2845 navis
539 2793 674 2862 eripietne
693 2795 807 2846 suumI’'
845 2796 860 2822 “
869 2794 993 2862 Minime,

152 2887 209 2922 non
221 2871 285 2938 plus
298 2887 381 2938 quam
396 2871 576 2940 navigantem
591 2873 620 2924 in
636 2875 693 2924 alto
708 2873 805 2925 eiicere
819 2875 854 2926 de
870 2875 938 2927 navi
951 2893 993 2927 ve

152 2951 194 3016 lit,
208 2950 273 3016 quia
289 2965 339 3000 sua
357 2950 400 3004 sit.
438 2952 538 3016 Quoad
556 2952 629 3004 eninr
647 2958 811 3021 perventum
831 2942 924 3022 sit'eo,
938 2971 993 3023 quo

153 3033 264 3096 sumpte
282 3028 361 3080 navis
377 3033 425 3093 est,
438 3045 495 3080 non
511 3031 619 3082 domini
638 3038 683 3096 est
694 3035 781 3100 navis,
795 3035 844 3086 sed
859 3037 993 3104 navigan-

151 3107 249 3185 tium.”
287 3111 329 3159 90.
346 3107 464 3171 “Quidi
489 3109 513 3159 ai
534 3126 590 3162 una
609 3113 706 3166 tabula
727 3115 771 3180 sit,
788 3117 845 3167 duo
864 3117 993 3186 naun-agi
