2256 3448
126 107 174 156 162
437 103 486 152 Du
503 101 656 152 OFFICIIS

125 203 294 260 quamquam
313 191 407 257 potest
420 186 452 238 id
468 185 591 254 quidem.
630 185 685 238 Sed
700 200 811 253 quaero,
825 185 902 252 quod
921 199 970 236 ne-

124 274 194 339 gant
208 285 298 339 posse,
308 268 339 320 id
354 267 378 321 si
393 271 494 336 posset,
506 265 643 333 quidnam
657 264 802 319 facerent?
838 265 970 333 Urguent

124 350 226 404 rustice
246 365 319 402 sane.
357 349 472 417 Negant
488 346 563 400 enim
581 361 663 416 posse
685 351 713 399 et
731 346 762 397 in
780 361 813 398 eo
830 351 969 414 perstant,

124 431 179 483 hoc
191 430 308 482 verbum
321 429 392 497 quid
401 429 493 483 valeat
506 443 563 480 non
572 427 679 480 vident.
717 427 788 478 Cum
800 426 875 478 enim
885 441 970 495 quac·

124 510 219 578 rimus,
233 509 257 562 si
271 508 380 579 possint
396 510 492 575 celare,
506 505 577 575 quid
591 505 694 560 facturi
712 505 776 574 sint,
788 521 846 559 non
861 507 970 575 quaeri-

123 605 186 646 mus
197 590 342 661 possintne
355 591 451 658 celare,
460 590 510 642 sed
520 592 664 656 tamquam
675 592 821 646 tormenta.
828 588 969 656 quaedam

123 672 299 740 adhibemus,
315 676 355 739 ut,
371 669 395 723 si
416 669 613 742 responderint
631 685 661 720 se
672 668 848 738 *impunitate
866 685 970 738 propo-

124 743 179 807 'sita
190 752 314 806 facturos
326 752 404 820 quod
417 750 557 820 expediat,
566 749 737 802 facinorosos
749 767 778 804 se
790 763 850 803 esse
862 749 970 803 fatean-

124 839 186 888 tur:
206 835 230 888 si
242 839 354 904 negent,
365 832 459 884 omnia
470 831 565 900 turpia
575 845 628 900 per
640 847 669 886 se
684 831 746 901 ipsa
756 831 893 900 fugienda
907 847 968 884 esse

124 915 286 969 concedant.
324 914 381 968 Sed
393 913 449 965 iam
462 914 499 966 ad
512 913 690 983 propositum
702 916 879 966 revertamur.

159 996 194 1048 X
229 995 273 1047 40.
292 993 429 1048 Incidunt
440 995 545 1046 multae
558 1005 761 1064 saepecausae,
772 1009 843 1061 quae
856 996 969 1045 cont-nr·

123 1076 191 1128 bent
201 1074 308 1128 animos
319 1075 453 1128 utilitatis
465 1075 564 1145 specie,
574 1088 639 1143 non,
648 1089 713 1127 curn
724 1073 967 1141 hoc'delibaretur,

123 1155 342 1223 relinquendane
356 1155 393 1208 sit
408 1156 540 1209 honestas
552 1160 668 1226 propter
681 1153 815 1208 utilitatis
826 1153 968 1222 magnitu-

125 1237 321 1289 dinem-nam
333 1233 365 1288 id
375 1235 491 1304 quidem
502 1233 661 1306 improbum
673 1233 894 1300 est—sed'illud,
902 1249 968 1302 pos-

124 1317 197 1371 sitne
210 1316 250 1386 id,
261 1318 340 1386 quod
354 1317 424 1370 utile
438 1317 576 1386 videatur,
585 1317 645 1370 fieri
658 1333 716 1369 non
729 1314 869 1384 turpiter..
895 1316 968 1368 Cum

124 1398 265 1452 Collatino
277 1400 402 1468 collegae
411 1401 515 1452 Brutus
524 1397 672 1468 imperium
685 1396 846 1465 abrogabat,
855 1399 968 1465 poterat

124 1479 215 1532 videri
226 1479 316 1533 facere
330 1479 362 1532 id
373 1479 492 1533 iniuste:
511 1479 602 1532 suerat
613 1477 689 1530 anim
703 1477 734 1529 in
746 1475 860 1546 regibus
872 1477 967 1545 expel-

124 1559 215 1612 lendis
230 1559 321 1613 socius
335 1559 417 1613 Bruti
432 1559 613 1612 consiliorum
628 1562 656 1610 et
672 1557 791 1612 adiutor.
829 1557 901 1609 Oum
919 1571 967 1608 au·

124 1645 181 1694 tem
203 1642 350 1695 consilinm
370 1641 425 1694 hoe
445 1640 586 1710 principos
608 1639 753 1708 cepissent,
769 1637 968 1706 cognationem

125 1722 245 1791 Superbi
259 1737 417 1790 nomenque
433 1720 648 1789 Tarquiniorum
668 1724 696 1771 et
710 1717 872 1771 memoriam
884 1717 968 1788 regui

124 1817 183 1855 esse
201 1803 365 1869 tollendam,
381 1802 458 1870 quod
476 1806 535 1854 erat
553 1801 630 1867 utile,
646 1799 753 1868 patriae
772 1799 921 1865 consulere,
934 1798 968 1850 id

124 1888 184 1936 erat
198 1882 239 1935 ita
253 1883 410 1949 honestum,
423 1887 456 1934 ut
472 1882 557 1936 etiam
572 1881 628 1950 ipsi
641 1880 781 1933 Collatino
796 1880 905 1948 placere
920 1879 967 1931 dc·

124 1963 209 2017 beret.
246 1963 345 2030 Itaque
360 1962 468 2015 utilitas
480 1962 571 2016 valuit
582 1964 698 2030 propter
712 1960 895 2027 honestatem,
907 1959 968 2012 sine

125 2060 181 2114 qua
195 2059 231 2097 ne
243 2043 352 2097 utilitas
364 2043 480 2111 quidem
495 2059 553 2096 esse
564 2041 709 2112 potuisset.
746 2040 786 2093 At
799 2039 830 2092 in
844 2055 878 2092 eo
892 2055 966 2108 rege,
1023 2053 1026 2058 ·

125 2126 175 2193 qui
189 2126 287 2179 urbem
301 2123 440 2192 condidit,
449 2139 507 2176 non
521 2123 596 2177 item.
633 2123 676 2176 41.
697 2121 810 2190 Species
824 2119 899 2172 enim
913 2119 967 2172 uti-

124 2207 213 2260 litatis
227 2207 351 2260 animum
363 2205 475 2275 pepulit
489 2203 563 2257 eius:
582 2202 629 2255 cui
645 2217 709 2254 cum
721 2201 813 2255 visum
827 2203 899 2252 esset
912 2199 968 2251 uti-

124 2285 180 2339 lius
192 2288 283 2340 solum
293 2301 377 2355 quam
389 2301 453 2338 eum
466 2286 553 2337 altero
562 2277 684 2352 regnare,
694 2281 807 2334 fratrem
818 2279 967 2332 interemit.

126 2367 227 2420 Omisit
242 2367 290 2420 hic
308 2370 337 2419 et
355 2366 491 2436 pietatem
510 2369 540 2417 ct
557 2363 770 2429 humanitatem,
786 2364 819 2413 ut
836 2359 876 2428 id,
889 2360 969 2428 quod

125 2448 195 2501 utile
213 2448 363 2502 videbatur
380 2461 472 2514 neque
490 2449 557 2512 erat,
573 2441 696 2510 adsequi
709 2445 811 2511 posset,
826 2445 855 2494 et
872 2445 968 2493 tamen

125 2528 198 2580 muri
213 2543 325 2582 causam
339 2527 482 2596 opposuit,
493 2525 614 2595 speciem
628 2521 784 2576 honestatis
801 2537 853 2575 nec
867 2520 968 2590 proba-

25 2642 27 2647 ·
125 2607 212 2660 bilem
231 2623 284 2660 nec
305 2625 371 2662 sane
393 2607 532 2660 idoneam.
569 2603 703 2658 Peccavit
721 2601 817 2672 igitur,
832 2617 902 2671 pace
921 2601 968 2655 vel

127 2686 238 2754 Quirini
253 2689 298 2740 vel
312 2688 426 2742 Romuli
441 2687 568 2741 dixerim.
605 2687 648 2739 42.
668 2686 729 2738 Nec
743 2689 837 2735 tamen
856 2686 969 2734 nostrae

106 2767 208 2819 'nobis
228 2767 365 2820 utilitates
389 2767 561 2820 omittendae
583 2769 648 2819 sunt
668 2765 784 2832 aliisque
804 2763 968 2828 tradendae,

127 2863 191 2900 curn
209 2845 244 2900 iis
256 2845 314 2916 vipsi
330 2863 468 2914 egeamus,
482 2849 531 2900 sed
547 2847 612 2898 suae
631 2845 732 2912 cuique
750 2843 876 2910 utilitati,
891 2843 970 2910 quod

128 2928 187 2984 sine
203 2926 316 2980 alterius
330 2925 434 2978 iniuria
445 2927 502 2993 fiat,
516 2926 694 2980 serviendum
708 2929 758 2978 est.
796 2923 871 2978 Scite
884 2923 969 2990 Chry-

62 3035 70 3044 ·
128 3007 232 3074 sippus,
242 3010 275 3057 ut
286 3005 391 3057 multa:
411 3007 426 3033 “
436 3006 491 3070 Qui
506 3006 630 3059 stadium
639 3007 654 3034 ”
665 3004 759 3072 inquit
772 3001 884 3056 “currit
899 3002 973 3056 eniti⁴

128 3087 156 3136 et
174 3085 342 3138 contendere
360 3083 445 3136 debet
463 3100 547 3151 quam
567 3084 688 3138 maxime
706 3083 796 3154 possit
814 3087 846 3137 ut
864 3084 970 3153 vincat,
