2256 3448
157 147 206 194 102
469 142 520 191 DE
537 141 691 192 OFFIGIIS

156 229 232 282 dinis
244 245 301 280 non
316 231 374 280 tarn
387 227 481 296 potuit
493 226 581 297 patris
596 225 695 278 similis
711 241 768 278 esse
784 241 869 292 qnam
881 224 930 277 ille
946 225 1001 278 fue

156 312 199 360 rat
216 307 272 360 sui:
295 307 319 359 si
337 307 426 376 igitur
443 323 499 359 non
520 306 624 376 poterit
640 305 698 359 sive
717 321 814 358 causas
834 304 1001 358 defensitare

156 389 214 441 sive
226 389 363 456 populum
378 387 557 440 contionibus
569 391 664 440 tenere
679 386 738 438 sive
750 387 824 439 bella
838 402 943 454 gerere,
953 387 1001 440 illa

155 474 250 521 tamen
268 472 409 537 praestare
428 468 550 536 debebit,
567 484 638 536 quae
657 471 738 520 erunt
754 467 785 519 in
803 465 1000 536 ipsiuspotes·

154 553 221 615 tate,
235 548 379 618 iustitiam,¹
390 549 483 618 fidem,
493 548 704 615 liberalitatem„
712 547 886 615 modestiam,
897 551 1000 618 tempe·

155 629 283 698 rentiam3
297 647 353 698 quo
371 630 464 683 minus
482 631 519 682 ab
537 645 569 682 eo
588 629 628 696 id,
642 630 721 702 quod
740 627 821 695 desit,
837 628 998 696 requiratur.

156 709 271 778 Optima
294 715 387 764 autem
408 709 549 764 hereditas
573 726 590 762 a
611 708 738 778 patribus
757 708 893 762 traditur.
907 709 1000 762 liberis

155 789 288 858 omnique
308 790 478 860 patrimonio
503 789 689 858 praestantior
711 789 803 858 gloria
817 789 938 844 'virtutis
961 807 1000 843 re·
1074 811 1075 816 ¹

154 885 272 936 rumque
294 875 443 940 gestarum,
459 869 506 922 cui
524 869 658 922 dedecori
678 886 736 923 esse
754 869 832 924 nefas
848 874 880 923 et
898 870 999 923 vitium

154 949 339 1004 iudicandum
352 955 402 1004 est.
618 977 622 992 .
873 992 877 1008 „

179 1031 321 1084 XXXIV.
347 1033 405 1084 122,
424 1032 463 1084 Et
472 1031 605 1103 quoniam
615 1031 706 1085 officia
715 1048 773 1084 non
786 1031 884 1084 eadam
893 1031 999 1101 dispar·

154 1111 218 1164 ibus
237 1111 374 1164 aetatibus
393 1111 554 1165 tribuuntur
572 1112 683 1181 aliaque
696 1117 770 1165 'sunt
784 1111 929 1180 iuvenum,
946 1113 999 1165 alia

155 1191 302 1259 seniorum,
313 1191 423 1260 aliquid
436 1193 521 1246 etiam
533 1194 569 1246 de
581 1194 635 1266 hac
648 1193 831 1246 distinetione
845 1192 999 1246 dicendum
1025 1231 1027 1238 ¹

155 1278 204 1325 est.
243 1273 294 1325 Est
303 1272 392 1344 igitur
401 1273 587 1327 adolescentis
598 1273 716 1327 maiores
729 1278 799 1326 natu
808 1270 897 1326 vereri
909 1290 998 1342 exque

154 1353 190 1406 iis
204 1353 328 1424 deligere
341 1353 463 1424 optimos
475 1360 503 1408 et
516 1353 737 1424 probatissimos,
748 1369 867 1422 quorum
882 1354 998 1406 consilio

154 1439 238 1501 atque
253 1435 419 1488 anctoritate
433 1435 553 1489 nitatur:
573 1435 697 1488 ineuntis
712 1435 788 1487 enim
803 1433 903 1488 aetatis
918 1434 998 1487 insci*

154 1515 195 1567 tia
204 1531 302 1568 senum
312 1516 509 1570 constituenda
517 1520 545 1568 et
553 1507 890 1584 regendaprudentiaest.
921 1516 997 1567 Max-

154 1595 209 1669 ime
220 1601 314 1650 autem
322 1598 391 1650 haec
401 1601 477 1650 aetas
487 1615 503 1650 a
513 1595 684 1650 libidinibus·
690 1597 812 1650 arcenda
821 1601 863 1648 est
871 1612 997 1648 exercen-

155 1677 247 1744 daque
263 1677 294 1729 in
309 1679 403 1730 labore
419 1677 613 1746 patientiaque
631 1683 659 1730 et
674 1677 760 1730 animi
778 1683 806 1730 et
821 1677 953 1746 corporis,
966 1682 997 1729 ut

155 1772 250 1808 eorum
262 1761 291 1809 et
299 1757 330 1808 in
341 1758 451 1810 bellicis
464 1763 492 1811 et
501 1757 531 1810 in
544 1758 674 1812 civilibus
687 1757 786 1811 officiis
795 1757 891 1827 vigeat
902 1757 997 1810 indus-

154 1835 215 1889 tria.
253 1836 347 1904 Atque
360 1837 453 1903 etiam,
465 1855 528 1890 eum
540 1841 662 1892 relaxare
678 1838 785 1891 animos
797 1842 826 1891 et
838 1839 905 1891 dare
917 1855 946 1892 se
958 1839 997 1892 iu-

155 1915 295 1968 cunditati
309 1917 414 1984 volent,
428 1923 545 1970 caveant
559 1919 811 1988 intemperantiam,
821 1919 998 1972 meminerint

154 1995 347 2064 verecundiae,
357 1998 434 2065 quod
448 1998 500 2051 erit
512 1999 629 2066 facilius,
640 1999 664 2052 si
675 1999 706 2051 in
719 1999 779 2052 eius
791 1999 869 2052 modi
882 1999 998 2066 quidem

154 2077 236 2131 rebus
258 2077 376 2131 maiores
399 2082 468 2132 natu
489 2080 585 2132 uolent
609 2079 748 2134 interesse.
794 2081 853 2132 123.
879 2079 998 2133 Senibus

154 2163 248 2212 autem
260 2157 369 2212 labores
384 2159 508 2228 corporis
522 2161 675 2229 minuendi,
686 2159 898 2218 exercitationes
913 2160 999 2213 animi

154 2239 240 2292 etiam
252 2241 398 2310 augendae
411 2241 556 2295 videntur:
574 2243 670 2294 danda
677 2255 748 2294 -vero
761 2258 846 2311 opera
858 2247 890 2294 ut
903 2245 931 2294 et
944 2257 999 2294 arn-

154 2320 214 2373 icos
233 2325 262 2373 et
276 2321 451 2374 iuventutern
469 2326 497 2374 et
512 2321 632 2374 maxime
648 2322 863 2391 rempublicam
881 2321 999 2374 consilio

154 2407 182 2454 et
197 2401 349 2470 prudentia
364 2401 614 2470 quamplurimum
629 2402 770 2456 adiuvent.
808 2401 890 2455 Nihil
905 2407 999 2454 eutem

154 2481 244 2550 magis
257 2483 414 2535 cavendum
426 2486 467 2534 est
477 2482 613 2534 senectuti
624 2499 708 2550 quam
718 2499 753 2534 ne
766 2482 896 2552 languori
910 2499 939 2534 se
953 2483 999 2534 de-

154 2561 297 2629 sidiaeque
308 2562 403 2615 dedat.
437 2563 560 2614 Luxuria
569 2579 634 2615 vero
647 2579 711 2615 curn
724 2563 801 2615 omni
814 2563 899 2616 aetati
908 2563 999 2631 turpis

153 2646 215 2694 tum
227 2641 364 2694 senectuti
376 2641 537 2695 foedissima
549 2648 599 2697 est.
638 2643 686 2695 Sin
700 2649 793 2696 autem
806 2643 891 2696 etiarn
903 2643 998 2696 libidi-

154 2737 222 2772 num
236 2720 452 2789 intemperantia
469 2722 595 2789 accessit,
610 2723 717 2792 duplex
734 2725 839 2777 malum
857 2727 907 2790 est,
921 2723 999 2791 qnod

155 2806 182 2853 et
200 2801 262 2868 ipsa
281 2807 408 2854 senectus
426 2803 548 2856 dedecus
566 2803 691 2872 concipit
709 2808 738 2856 et
754 2804 824 2858 fecit
840 2803 999 2856 adolescen-

154 2881 226 2933 tium
250 2880 486 2950 impudentiorem
510 2883 762 2952 intemperantiam.
809 2884 868 2938 124.
896 2884 940 2936 Ac
964 2900 999 2935 ne

154 2961 227 3014 illud
242 2961 357 3028 quidem
373 2961 496 3014 alienum
509 2969 557 3030 est,
570 2964 605 3015 de
619 2963 843 3032 magistratuum,
856 2965 892 3016 de
907 2963 998 3033 priva·

154 3047 247 3095 torum
268 3042 380 3108 civium,
400 3043 435 3095 de
457 3043 666 3112 peregrinorum
690 3043 789 3098 officiis
810 3044 910 3098 dicere.
948 3045 1000 3096 Est

154 3122 242 3193 igitur
256 3122 400 3195 proprium
417 3139 517 3178 munus
533 3123 713 3195 magistratus
728 3124 891 3198 intellegere
907 3139 937 3179 se
953 3141 999 3197 ge-
