2272 3442
378 159 546 210 eremus
582 160 788 211 ear.11.111.
976 139 1004 211 si

162 235 342 306 appellantur,
359 253 406 291 eos
420 239 467 306 qui
481 238 536 292 ista
550 239 678 294 subtilius
696 243 831 309 quaerunt
849 240 877 294 in
894 255 1007 296 numero

162 312 325 380 sapientium
348 330 402 366 non
425 314 679 369 habent-Athonis
702 331 786 369 unum
809 316 961 386 accepimus
978 321 1008 371 et

162 404 224 439 eum
237 387 348 455 quidem
360 389 443 442 etiam
457 391 591 460 Apollinis
605 393 713 445 oraculo
726 392 952 460 sapientissimum
962 393 1008 460 J'u-

162 463 296 528 dicatum;
315 465 384 518 hano
393 481 453 520 esse
462 467 490 518 in
502 471 531 520 te
540 467 701 532 sapientiam
709 467 866 522 existimant
877 473 909 522 ut
918 469 1008 521 omnia

162 537 211 587 tua
226 534 255 587 in
273 538 302 587 to
319 537 406 602 posita
424 551 484 588 osse
502 536 584 588 ducas
607 537 792 606 lmmrmosquo
815 555 892 594 casus
909 540 1011 594 virtute

162 609 305 663 interiores
318 614 404 678 putes.
435 611 533 680 Itaque
545 627 579 664 ex
592 628 636 664 me
648 617 790 680 quaerunt,
803 615 884 667 eredo
896 614 963 668 item
975 631 1011 670 ex

162 683 213 737 hoe
234 685 369 752 Scaevola,
388 703 505 753 quonam
524 690 606 754 paeto
627 691 744 742 mortem
768 689 890 742 Africani
920 690 1008 757 feram

160 775 248 826 eoque
266 757 351 825 magis
366 758 440 826 quod
457 759 500 812 his
513 759 644 827 proximis
658 759 751 828 Nonis,
768 777 853 828 quum
869 761 898 814 in
912 759 1007 816 hortos

163 835 194 887 ll.
207 835 288 886 Bruti
304 834 414 902 auguris
429 835 630 888 commentandi
645 851 734 902 eausa,
750 840 783 890 ut
798 836 905 902 assolet,
921 836 1007 889 renis

160 926 260 977 somus,
273 913 305 962 tu
319 927 372 962 non
388 909 499 962 adfuisti
515 911 562 978 qui
577 911 786 978 diligentissime
803 929 912 980 semper
929 911 1086 980 illumffl-
1106 911 1130 970 a}

161 985 233 1040 diem
252 989 281 1038 et
296 985 364 1038 illud
378 1000 475 1038 munus
489 985 588 1048 solit-us-
600 1004 674 1043 esses
692 987 775 1041 obire.
812 993 835 1042 8.
854 987 1006 1042 Scaevoia
1019 1005 1066 1031 rw
1075 987 1108 1040 θ’,

162 1062 302 1126 Quaerunt
319 1062 438 1128 quidem,
453 1062 483 1115 O.
495 1062 578 1129 Laeli,
592 1063 680 1128 multi,
694 1067 726 1116 ut
741 1067 784 1117 est
800 1080 816 1116 a
835 1063 938 1116 Fannio
953 1063 1007 1118 dio

161 1140 235 1201 tum;
250 1136 300 1190 sed
308 1153 359 1204 ogo
368 1137 398 1190 id
406 1137 558 1204 respondeo
567 1138 642 1205 quod
650 1138 876 1205 animadvertite
886 1139 1007 1194 dolorem

138 1243 140 1250 ι
161 1229 242 1280 quem
255 1212 391 1279 acceperis
404 1229 488 1280 quum
501 1213 598 1266 summi
610 1214 661 1266 riri
675 1218 735 1268 tum
748 1215 903 1268 amicissimi
919 1219 1007 1268 morto

54 1334 57 1340 ,
160 1287 234 1340 ferro
248 1287 397 1354 moderata
414 1303 463 1339 nee
477 1289 598 1354 potuisse
612 1305 664 1340 non
679 1290 841 1342 commoveri
855 1306 905 1343 noe
924 1290 1008 1343 fuisse

160 1362 190 1416 id
207 1362 384 1416 humanitatis
397 1366 477 1426 tuae;
498 1363 572 1430 quod
589 1367 681 1416 autem
695 1363 738 1416 his
751 1364 837 1416 Nonis
851 1364 880 1417 in
894 1365 1008 1432 collegio

163 1441 257 1491 nostro
275 1455 329 1492 non
345 1437 477 1492 adfuisses
496 1437 679 1492 valetudinem
698 1455 807 1491 eausam
826 1456 878 1491 non
898 1439 1009 1492 maesti-

133 1558 136 1565 .
164 1513 232 1567 tiam
248 1513 340 1567 fuisso.
375 1513 505 1568 nunnus.
532 1513 618 1567 Recte
637 1516 669 1567 tu¹
688 1514 807 1582 quidem,
827 1514 961 1582 Scaevola,
979 1517 1009 1568 ot

165 1606 235 1644 vera.
270 1590 329 1643 Nee
347 1590 419 1642 enim
439 1589 474 1642 ab
492 1591 545 1642 isto
563 1589 649 1643 officio
666 1589 745 1659 quod.
757 1607 864 1658 semper
881 1591 1009 1659 usurpavi

165 1681 249 1734 quum
262 1665 379 1719 valerem
395 1664 492 1718 abduci
511 1665 679 1718 ineommodo
698 1682 759 1720 meo
778 1665 867 1734 debui,
886 1683 936 1721 nee
953 1667 1009 1720 ullo

165 1757 229 1794 casu
244 1740 363 1794 arbitror
378 1741 429 1794 hoe
446 1741 580 1794 constanti
596 1739 697 1794 homini
713 1759 792 1810 posse
807 1743 964 1816 contingere
977 1747 1010 1796 ut

83 1809 86 1818 ’
165 1816 220 1869 ulla
237 1816 401 1870 intermissio
421 1816 470 1870 fiat
488 1816 574 1868 offieii.
611 1822 634 1870 9.
658 1817 699 1870 Tu
722 1817 1010 1886 autem,l‘anni,quod

165 1891 231 1944 mihi
245 1894 353 1945 tautum
367 1891 450 1944 tribui
467 1891 535 1944 dieis
550 1897 683 1959 quantum
698 1909 749 1960 ogo
764 1909 814 1946 nee
829 1909 944 1962 agnosco
959 1909 1009 1946 noo

165 1967 279 2035 postulo,
293 1967 359 2020 lacis
373 1967 473 2032 amiam
490 1966 547 2033 sed,
559 1972 592 2020 ut
606 1969 672 2020 mihi
685 1969 793 2035 videris,
809 1987 862 2022 uon
878 1975 953 2024 reete
965 1970 1009 2038 ju-

165 2044 239 2096 dicas
253 2043 289 2096 do
301 2043 411 2098 Catone.
447 2044 508 2097 Aut
521 2044 593 2096 enirn
607 2062 693 2109 nenio,
709 2046 781 2113 quod
798 2047 908 2115 quidem
923 2046 1009 2113 raragis

164 2119 254 2184 eredo,
266 2121 314 2172 aut
332 2119 354 2171 si
369 2119 519 2186 quisquam,
534 2120 580 2172 ille
595 2120 703 2188 sapiens
716 2121 777 2174 fuit.
813 2122 961 2185 Quomodo,
977 2125 1009 2174 ut

164 2194 217 2246 alia
228 2194 360 2258 omittam,
373 2198 489 2246 mortem
503 2194 552 2246 filii
566 2195 644 2248 tulit!
682 2195 861 2250 Memineram
877 2197 999 2250 Paullum

164 2269 286 2322 videram
299 2267 422 2330 Gallum
440 2269 489 2320 sed
505 2269 534 2320 hi
550 2270 577 2321 in
593 2270 701 2338 puoris;
720 2271 788 2323 Cato
804 2272 831 2323 in
846 2273 968 2339 perfeeto
980 2275 1010 2325 ot

164 2346 286 2412 spectem
300 2342 365 2396 viro.
403 2347 442 2395 10.
461 2343 643 2406 Quamobrem
662 2362 726 2398 eave
746 2345 843 2398 Catoni
862 2350 1009 2416 anteponam

163 2436 199 2473 ne
208 2420 295 2474 istum
311 2417 422 2487 quidem
437 2419 525 2486 ipsum
540 2437 622 2488 quem
638 2421 744 2488 Apollo,
759 2425 791 2474 ut
806 2422 854 2488 ais,
870 2423 1010 2490 sapientis·

162 2496 261 2549 simum
268 2494 411 2562 judicavit.
449 2493 541 2562 Hujus
552 2496 625 2548 enim
637 2497 716 2562 laeta,
729 2495 800 2549 illius
813 2497 887 2550 dieta
900 2497 1011 2551 laudan-

163 2575 216 2624 tur.
250 2569 292 2623 Do
315 2587 360 2622 me
383 2573 483 2636 autom,
503 2574 535 2623 ut
553 2569 612 2638 jam
631 2587 693 2624 enm
712 2575 830 2640 utroquo
850 2574 953 2642 loquar,
971 2575 1010 2627 sie

162 2645 299 2700 habetote.
404 2669 408 2674 ’

215 2722 271 2776 ΙΙΙ.
310 2723 366 2790 Ego
384 2723 407 2775 si
425 2722 556 2791 Scipionis
570 2723 707 2778 desiderio
721 2741 765 2778 me
782 2726 885 2778 moveri
903 2743 1009 2794 negem,

162 2814 244 2866 qrram
267 2798 298 2851 id
320 2801 395 2851 reete
418 2798 515 2850 faciam
537 2797 658 2853 viderint
682 2801 833 2868 sapientes;
861 2802 910 2855 sed
933 2805 1010 2855 certe

162 2875 284 2928 montier.
321 2873 434 2926 Movoor
452 2875 524 2925 enim
545 2873 594 2926 tali
618 2875 703 2928 amieo
723 2875 842 2942 orbatus,
863 2878 957 2945 qualis,
977 2879 1009 2929 ut

162 2947 288 3015 arbitror,
300 2966 380 3002 nerito
394 2965 514 3016 unquam
526 2951 595 3015 orit;
612 2954 644 3003 ut
658 2951 818 3004 confirmare
833 2969 949 3019 possum,
962 2969 1009 3004 ue·

161 3039 206 3076 mo
225 3029 300 3078 certo
319 3024 378 3077 fuit.
415 3024 471 3078 Sed
487 3041 540 3077 non
558 3042 625 3092 egeo
643 3026 790 3080 medicina:
812 3028 931 3094 meipso
949 3044 1010 3080 eon-

163 3099 234 3152 solor
250 3104 279 3154 et
294 3101 413 3153 maxime
429 3100 475 3154 illo
493 3101 590 3154 solatio
607 3101 680 3170 quod
699 3119 732 3154 eo
749 3119 841 3154 erroro
858 3117 937 3154 careo
954 3119 1009 3171 quo

162 3173 310 3230 amicorum
328 3175 442 3233 decessu
465 3175 590 3246 plerique
607 3177 670 3244 angi
688 3175 784 3232 solent.
820 3176 895 3230 Nihil
913 3176 1009 3246 [enim]
