2272 3442
117 108 146 153 10
345 101 382 148 Μ.
401 99 527 147 TULLII
546 96 733 146 CICERONIS
784 95 785 100 ’

115 183 281 244 audientiam
296 179 392 232 diserti
407 177 478 230 senis
493 181 601 246 compta
613 180 642 230 et
656 176 731 230 mitis
743 177 837 232 oratio,
874 177 961 241 Qirrrm

116 258 137 309 si
150 258 209 324 ipse
218 256 332 323 exsequi
344 269 469 320 nequeas,
478 254 565 321 possis
577 256 670 306 tamen
680 253 797 322 Scipioni
806 255 963 322 praecipere

116 335 145 384 et
161 331 262 385 Laelia.
300 330 372 395 Quid
386 330 458 384 enim
470 328 618 396 jucundius
635 333 775 383 senectute
790 331 891 399 stipata
907 328 963 384 stri-

117 407 169 460 diis
184 407 354 474 juventutis?
392 411 431 458 29.
456 408 502 458 An
514 422 549 458 ne
562 421 607 458 eas
620 405 732 473 quidem
744 405 824 477 vires·
829 407 963 460 senectuti

117 483 301 550 relinquemus
312 485 344 534 ut
356 481 571 534 adolescentulos
582 481 684 546 doceat
696 481 830 548 instituat,
838 482 874 534 ad
883 499 964 536 omne

117 559 196 611 officii
211 574 309 610 munus
323 558 458 610 instruat?
495 556 556 620 Quo
570 556 681 623 quidem
695 573 777 624 opere
790 557 857 624 quid
873 561 965 626 petest

118 651 178 688 esse
192 632 373 701 praeclarinsl
410 631 479 684 Mihi
493 648 558 684 vero
576 631 622 686 Cn.
636 635 665 684 et
682 631 711 686 P.
726 631 863 700 Scipiones
879 637 908 686 et
922 633 965 686 avi

120 709 159 764 tui
172 709 233 776 due,
247 709 276 762 L.
292 708 427 761 Aemilius
440 711 468 760 et
482 707 511 760 P.
527 707 679 774 Africanus,
691 707 822 760 comitatu
834 708 965 760 nobilium

115 785 248 853 juvenum
260 784 392 837 fortunati
404 783 581 846 videbantur;
599 797 649 835 nec
661 781 709 835 ulli
721 782 853 836 bonarum
865 785 965 837 artium

119 861 242 926 magistri
253 876 311 912 non
326 859 401 912 beati
417 859 540 926 putandi,
553 858 676 926 quamvis
691 859 881 912 consenuerint
894 860 966 914 vires

120 940 203 1006 atque
215 935 374 989 defecerint.
411 935 471 988 Etsi
485 936 539 987 ista
553 935 611 1002 ipsa
623 934 740 987 defectio
752 935 850 988 virium
863 937 967 990 adoles-

120 1014 225 1066 centiae
242 1011 452 1065 vitiiscfficitur
470 1011 577 1078 saepius
595 1028 677 1079 quam
697 1011 844 1069 senectutis
853 1033 859 1076 ;
878 1012 967 1065 libidi-

121 1103 187 1140 nosa
204 1085 276 1139 euim
294 1089 322 1138 ct
339 1086 523 1154 intemperans
541 1085 724 1139 adolescentia
742 1087 852 1138 effetum
871 1103 967 1155 corpus

121 1162 208 1215 tradit
220 1161 369 1215 senectuti·
383 1167 432 1215 '30.
451 1161 535 1228 Cyrus
549 1160 660 1228 quidem
673 1161 746 1229 apud
759 1161 967 1230 Xenophontem

122 1254 154 1290 eo
167 1253 290 1290 sermone
299 1253 381 1304 quem
392 1237 510 1290 moriens
522 1236 625 1303 habuit,
633 1253 716 1304 quum
726 1237 872 1291 admodum
885 1255 968 1291 senex

123 1317 203 1380 esset,
216 1316 299 1380 negat
311 1329 341 1365 se
353 1329 473 1380 unquam
487 1313 601 1366 sensisse
615 1316 783 1366 senectutem
797 1330 872 1366 suam
884 1313 969 1366 imbe-

123 1389 252 1442 cilliorem
264 1389 364 1442 factam
377 1379 459 1456 quarn
471 1387 653 1442 adolescentia
665 1388 768 1442 fuisset.
800 1389 858 1455 llgo
868 1389 900 1442 L.
911 1389 969 1442 Me-

124 1465 218 1517 tellum
235 1465 345 1518 memini
363 1481 439 1532 puer,
459 1465 506 1532 qui
524 1481 608 1532 quum
627 1463 805 1536 quadriennio
823 1468 885 1532 pest
902 1463 969 1517 alte-

124 1557 184 1592 rum
201 1541 369 1594 consulatum
388 1539 515 1593 Pontifex
533 1539 669 1592 Maximus
683 1539 771 1592 factus
786 1543 859 1592 essct
873 1539 968 1606 viginti

125 1618 154 1667 ct
166 1615 234 1667 dues
247 1631 331 1668 annos
343 1614 368 1666 ei
381 1615 533 1667 sacerdotio
550 1615 677 1682 praefuit,
692 1614 732 1667 ita
746 1615 824 1667 bonis
836 1631 896 1668 csse
908 1615 970 1668 viri-

124 1689 176 1742 bus
192 1693 317 1742 'extremo
331 1693 456 1756 tempore
472 1690 572 1742 aetatis
587 1693 619 1743 ut
635 1690 845 1742 adolescentiam
862 1707 914 1743 non
930 1707 971 1742 re·

126 1765 254 1833 quireret.
298 1763 374 1832 Nihil
393 1780 503 1817 necesse
522 1768 565 1817 est
589 1765 655 1838 milri
674 1765 709 1818 de
728 1782 772 1818 me
791 1766 848 1833 ipso
867 1766 970 1840 dicerc;

126 1855 290 1907 quamquam
305 1841 348 1892 ost
364 1838 393 1890 id
408 1839 519 1906 quidem
531 1841 615 1892 senile
631 1841 770 1908 aetatique
788 1844 898 1893 nostrae
912 1857 972 1893 cen-

126 1914 240 1968 ceditur.
306 1937 308 1944 ⁴

179 1989 222 2044 X.¹
248 1995 288 2043 31.
318 1989 463 2043 Videtisne
486 1994 518 2043 ut
541 1991 614 2058 apud
640 1992 791 2045 Homerum
815 1992 972 2060 saepissime

127 2064 228 2118 Nestor
252 2065 288 2118 de
311 2064 458 2118 virtutibus
480 2065 536 2118 suis
555 2067 712 2133 praedicetl
756 2067 876 2120 Tertiam
900 2067 972 2120 enim

123 2141 182 2209 jam
201 2143 321 2194 aetatem
339 2140 478 2193 hominnm
499 2140 615 2206 virebat,
633 2158 684 2194 nec
703 2146 762 2195 erat
782 2144 807 2196 ei
823 2143 973 2196 verendum

126 2233 161 2269 ne
180 2233 244 2270 vera
261 2215 423 2285 praedicans
441 2215 476 2269 de
495 2233 523 2269 se
540 2216 622 2269 nimis
633 2217 775 2270 videretur
791 2222 839 2270 aut
856 2218 973 2271 insolens
995 2234 999 2242 ·

126 2295 175 2346 aut
194 2293 300 2360 loquax.
336 2292 454 2359 Etenim,
476 2296 508 2345 ut
528 2293 567 2345 ait
585 2293 729 2360 Homerus,
750 2310 784 2346 ex
804 2293 864 2360 ejus
882 2294 974 2360 lingua

126 2369 206 2422 melle
218 2369 323 2422 dulcior
338 2368 442 2422 fluebat
460 2369 553 2434 oratio,
573 2385 655 2436 quam
667 2368 703 2421 ad
718 2369 880 2422 suavitatem
892 2369 974 2421 nullis

127 2444 226 2510 egebat
250 2445 369 2513 corporis
390 2444 507 2497 viribus:
533 2447 562 2496 et
584 2449 675 2497 tamen
697 2443 754 2496 dux
777 2442 823 2495 ille
844 2442 974 2496 Graeciae

126 2534 260 2586 nusquam
280 2523 358 2586 optat
380 2522 412 2572 ut
429 2519 524 2586 Ajacis
539 2519 642 2572 similes
656 2517 757 2571 habeat
775 2517 877 2585 decem,
895 2524 925 2572 nt
942 2523 974 2572 ut

128 2593 261 2661 Nestoris,
279 2593 353 2661 quod
371 2594 393 2646 si
411 2594 549 2658 acciderit,
562 2611 616 2646 non
632 2593 740 2647 dubitat
759 2595 825 2663 quin
843 2593 921 2648 brevi
938 2595 975 2648 sit

129 2667 209 2736 Troja
231 2669 363 2736 peritura.
412 2675 451 2723 32.
495 2669 549 2722 Sed
573 2669 656 2722 redeo
680 2669 717 2722 nd
740 2686 793 2725 me.
841 2670 974 2734 Quartum

128 2759 228 2796 annum
252 2760 303 2811 ago
327 2748 356 2797 et
380 2745 587 2812 octogesimum:
617 2745 716 2798 vellem
746 2746 873 2814 equidem
901 2744 972 2797 idem

128 2835 207 2886 posse
218 2819 328 2885 gloriari
341 2819 414 2888 quod
427 2821 526 2888 Cyrus:
546 2820 594 2872 scd
610 2823 702 2873 tamen
721 2821 772 2873 hoe
790 2836 860 2887 queo
875 2819 973 2884 dicere,

128 2910 181 2946 non
198 2910 243 2946 me
261 2894 371 2963 quidem
390 2894 423 2948 iis
440 2911 501 2949 esse
518 2895 622 2948 viribus
642 2895 741 2964 quibus
753 2900 801 2948 aut
813 2894 891 2946 miles
903 2893 974 2946 bello

130 2969 231 3022 Punico
249 2973 297 3022 aut
315 2979 443 3038 quaestor
461 2970 558 3024 eodem
582 2970 653 3023 bello
676 2973 724 3022 aut
748 2969 841 3022 consul
865 2969 892 3021 in
911 2969 975 3022 His-

129 3045 209 3112 pania
219 3045 325 3112 fuerim,
339 3048 388 3098 aut
399 3045 578 3111 quadriennio
590 3049 652 3112 post
670 3061 753 3111 quum
767 3044 894 3098 tribunus
905 3045 974 3098 mili-

129 3120 196 3174 taris
208 3121 360 3190 depugnari
371 3117 447 3186 apud
458 3119 651 3186 Thermopylas
667 3119 712 3172 M'.
726 3119 814 3172 Acilio
828 3118 974 3175 Glabrione
