2256 3448
243 129 312 179 ΜΒ.
329 131 362 190 1.,
380 129 458 180 car.
475 130 705 192 xxx-xxxa,
722 129 736 189 s
753 133 871 180 ree-115.
949 135 981 182 ee

136 217 180 266 ,set
194 216 295 265 natura
313 213 483 282 gravitatem
498 229 613 282 eamque
627 213 689 282 ipse
703 219 839 283 perpetua
854 219 982 268 consten-

138 294 178 346 tia
198 292 386 346 roboravisset
403 309 566 363 semperque
584 293 615 346 in
632 295 777 363 proposito
796 300 981 364 susceptoque

138 373 255 426 consilio
265 373 470 454 permansisset,
479 374 654 438 moriendum
666 375 763 444 potius
775 391 859 442 quam
868 377 982 444 tyranni

138 456 233 507 vultus
248 454 427 524 aspiciendus
441 454 503 508 fuit.
537 457 602 520 113.Ι
613 456 704 520 Quam
720 457 809 509 multa
824 473 922 525 passus
940 463 982 509 est

139 535 237 588 Ulixes
255 535 286 586 in
306 534 356 586 illo
377 551 467 604 errore
487 535 629 602 diuturne,
644 551 708 587 cum
728 541 756 588 et
774 537 945 605 mulieribus,
959 537 982 590 si

140 615 220 667 Circe
234 619 262 666 et
275 615 395 684 Calypso
410 615 539 668 mulieres
552 616 736 684 appellandae
752 621 825 684 sunt,
838 617 982 670 inserviret

140 701 168 748 et
182 695 213 746 in
230 695 307 747 omni
322 711 449 748 sermone
464 695 595 748 omnibus
614 695 767 748 adfabilem
786 701 813 748 et
828 696 982 750 iucundum

140 791 199 827 csse
218 792 246 827 se
266 776 366 828 velletl
403 775 489 828 Domi
504 792 569 829 vero
589 775 673 828 etiam
692 776 875 829 contumelias
893 776 983 830 serve-

141 873 203 908 rum
218 856 437 924 ancillarumque
452 857 576 926 pertulit,
588 862 621 910 ut
633 857 670 910 ad
685 857 717 910 id
734 858 894 926 aliquande,
906 860 983 927 qued

141 936 280 1004 cupiebat,
290 937 455 1005 perveniret.
486 937 525 989 At
537 937 611 990 Aiax
625 953 680 1006 quo
694 938 788 991 animo
800 938 922 992 traditur
933 939 983 990 rni-

141 1017 212 1069 liens
232 1024 364 1086 oppetere
386 1022 505 1070 mertem
526 1035 610 1086 quam
632 1019 681 1072 illa
700 1019 810 1090 perpeti
831 1019 981 1074 maluisset.

142 1099 218 1164 Quae
229 1098 452 1166 contemplantes
462 1101 620 1167 expendere
631 1101 773 1169 oportebit
782 1101 853 1168 quid
864 1101 982 1169 quisque

142 1179 245 1230 lrabeat
258 1178 308 1245 sui,
321 1195 409 1246 eaque
423 1181 563 1232 moderari
576 1197 628 1232 nec
641 1182 712 1234 velle
725 1181 845 1250 experiri
858 1197 942 1249 quam
955 1199 983 1236 se

142 1259 233 1311 aliena
247 1260 379 1312 deceant:
398 1259 430 1312 id
441 1260 514 1313 enim
527 1261 647 1312 maxime
659 1277 797 1328 quemque
807 1263 896 1328 decet,
906 1263 983 1328 qued

143 1345 185 1392 est
195 1340 329 1408 cuiusque
341 1341 461 1394 maxime
475 1357 563 1394 suurn.
593 1341 652 1394 114.
668 1343 754 1396 Suum
767 1341 884 1408 quisque
897 1342 984 1410 igitur

142 1427 242 1472 noscat
256 1420 401 1490 ingenium
416 1437 562 1488 acremque
575 1437 604 1472 se
619 1425 647 1472 et
661 1421 796 1474 bonorum
812 1427 839 1472 et
852 1421 984 1474 vitiorum

143 1517 257 1569 suorum
272 1501 396 1554 iudicem
414 1502 553 1570 praebeat,
567 1517 602 1553 ne
622 1501 742 1554 scaenici
756 1503 820 1569 plus
836 1515 918 1570 quarn
934 1519 985 1555 nos

142 1583 294 1636 videantur
307 1583 409 1636 habere
423 1582 596 1652 prudentiae.
634 1582 681 1634 Illi
694 1582 767 1634 eninr
782 1599 840 1634 nen
855 1583 983 1651 optimas,

144 1663 192 1716 sed
207 1663 261 1716 sibi
274 1662 577 1716 accommodatissimas
589 1662 698 1714 fabulas
711 1663 834 1731 eligunt:
855 1663 904 1730 qui
916 1680 985 1716 voce

143 1743 209 1800 freti
228 1749 301 1809 sunt,
315 1743 461 1812 Epigonos
477 1743 732 1810 Medumque;.qui
748 1749 838 1813 gestu,
851 1744 985 1814 Menalip-

143 1842 217 1895 pam,
227 1825 491 1892 Clytaemnestram
511 1839 620 1892 scnrper
628 1823 766 1893 Rupilius,
773 1841 855 1892 quem
865 1842 918 1895 ege
931 1842 985 1877 me-

145 1905 222 1972 mini,
238 1905 408 1974 Antiopam3
428 1920 485 1956 non
503 1921 586 1972 saepe
603 1904 731 1974 Aesopus
749 1905 875 1960 Aiacem.
908 1907 985 1974 Ergo

143 1986 315 2041 histriehee
330 1985 441 2039 videbit
456 1985 486 2036 in
504 2001 609 2053 scaena,
624 2002 680 2037 nen
695 1985 804 2038 videbit
819 1987 929 2054 sapiens
943 1986 986 2036 vir

144 2067 174 2120 in
192 2067 271 2120 vital
308 2066 355 2118 Ad
374 2082 448 2132 quas
463 2065 551 2134 igitur
569 2081 612 2116 res
631 2065 769 2133 aptissimi
784 2066 893 2132 erimus,
907 2066 937 2117 in
951 2065 986 2116 iis

144 2131 324 2216 potissimum
343 2145 557 2198 elaborabimus.
595 2144 645 2196 Sin
667 2143 820 2210 aliquande
838 2145 986 2198 necessitas

144 2244 196 2294 nos
216 2228 254 2280 ad
274 2244 306 2280 ea
325 2227 482 2294 detruserit,
501 2242 571 2294 quae
590 2223 679 2277 nostri
697 2223 804 2292 ingenii
822 2241 879 2276 non
897 2233 985 2292 erunt,

145 2311 237 2360 ernnis
250 2308 412 2360 adhibenda
425 2308 478 2360 erit
490 2323 563 2372 cura,
574 2304 729 2371 meditatie,
744 2303 900 2372 diligentia,
910 2309 943 2356 ut
955 2322 987 2357 ea

146 2389 168 2440 si
185 2406 242 2441 non
258 2391 366 2455 decore,
380 2394 410 2440 at
423 2404 506 2455 quarn
522 2386 636 2438 minime
651 2385 782 2436 indecore
797 2383 886 2436 faeere
901 2385 986 2452 pessi-

104 2475 107 2484 ’
146 2485 215 2537 mus,
226 2485 278 2521 nec
293 2475 351 2522 tam
367 2474 408 2522 est
423 2469 587 2520 enitendum
603 2472 635 2522 ut
650 2465 724 2518 bona
740 2481 810 2531 quac
825 2464 907 2517 nobis
921 2465 987 2518 data

145 2565 201 2602 nou
218 2550 275 2602 sint
291 2565 440 2618 sequamur
455 2565 538 2616 quarn
554 2553 586 2601 ut
597 2547 668 2601 vitia
683 2545 831 2614 fugiamus.
868 2547 986 2600 XXXII.

148 2633 206 2684 115.
225 2631 269 2683 Ae
289 2631 399 2683 duabus
420 2629 455 2681 iis
477 2629 611 2698 persenia,
625 2643 693 2696 quas
717 2642 800 2694 supra
822 2627 890 2695 dixi,
906 2627 988 2680 tertia

146 2711 320 2780 adiungitur,
337 2727 421 2777 quam
443 2726 524 2762 casus
544 2709 633 2778 aliqui
651 2714 701 2762 arat
722 2714 833 2776 tempus
852 2708 986 2777 imponit:

147 2796 247 2858 quarta
266 2791 359 2856 etiam,
376 2806 460 2858 quarn
480 2789 619 2842 nobismet
637 2788 692 2857 ipsi
710 2787 816 2840 iudicio
835 2795 930 2841 nestro
945 2805 988 2840 ac-

146 2872 364 2924 commodamus.
396 2871 469 2922 Nam
482 2885 575 2938 regna,
585 2869 710 2938 imperia,
720 2869 889 2936 nobilitates,
902 2870 988 2920 hone-

146 2967 196 3018 res,
211 2951 337 3016 divitiae,
354 2966 421 3018 opes
443 2965 538 3016 euque,
552 2965 622 3016 quae
645 2954 711 3000 sunt
732 2949 777 3000 lris
798 2948 944 3013 contraria,
958 2947 988 2998 in

146 3047 212 3084 casu
226 3031 280 3083 sita
292 3029 467 3098 temporibus
481 3029 679 3097 gubernantur.
717 3029 775 3096 Ipsi
789 3033 882 3080 autem
894 3042 988 3094 gerere

146 3091 232 3180 quam
247 3127 394 3180 persenam
408 3109 526 3162 velimus
542 3126 558 3161 e
573 3115 667 3162 nostra
679 3110 823 3160 voluntate
839 3105 988 3173 proficisci-
