2256 3448
132 125 179 174 188
444 121 493 171 DE
510 119 663 172 currens

130 207 215 274 idem,
228 206 330 274 “qnod
346 209 458 258 senatus
473 207 648 274 populusque
663 205 806 259 Romanus
823 203 908 256 rebus
925 203 974 256 ud·

130 287 214 340 flietis
226 292 285 340 tum
297 288 407 340 excelso
420 287 514 340 animo
525 286 648 339 suisset.”
681 285 728 338 Sic
736 285 891 338 honestatis
901 301 975 338 cour-

130 367 276 436 parationc
297 383 337 435 ea,
356 383 428 434 quae
449 367 583 420 videntur
605 365 695 432 utilia,
714 364 872 419 vincuntur.
889 350 894 370 ’
914 368 974 418 115.

131 447 239 500 Acilius
250 452 353 513 autem,
363 447 414 514 qui
426 447 529 500 Graece
542 446 653 515 scripsit
666 445 821 514 historiam,
831 447 847 474 “
856 448 951 517 plures
959 447 974 474 '²

131 527 172 578 ait
185 527 293 580 “fuisse
309 527 359 594 qui
373 526 404 578 in
421 532 510 579 eastra
524 525 701 580 revertissent
716 525 815 578 eudem
827 523 933 591 lraude,
943 529 976 577 ut

131 608 191 660 iure
203 607 321 660 iurando
331 606 522 672 liberarentur,
531 621 633 674 eosque
645 605 834 659 acensoribns
844 605 976 658 omnibus
1045 662 1047 666 ,

131 686 296 755 ignominiis
316 688 455 740 notatoa”
493 686 535 740 Sit
552 685 610 738 iam
628 684 712 742 buius
729 684 785 738 loci
803 685 873 739 finis.
910 686 976 738 Por-

132 766 261 835 spicuum
279 770 321 820 est
335 766 411 820 enim
430 783 470 834 ca,
484 781 555 834 quae
570 764 672 818 timido
691 765 793 831 animo,
805 765 914 833 humili,
928 766 975 818 <le-

31 916 33 920 .
132 847 216 901 misso
234 847 378 916 fractoque
397 847 473 912 fiant,
487 849 570 914 qualo
588 846 686 899 fnisset
702 846 805 915 Reguli
822 846 936 914 factum,
952 853 976 899 si
1046 886 1049 892 .

132 933 182 980 aut
203 929 239 980 (le
261 927 381 996 captivis
402 927 480 994 quod
501 926 557 995 ipsi
578 943 649 995 opus
670 941 728 980 esse
747 925 898 993 videretur,
917 943 976 978 non

133 1007 210 1074 quod
222 1006 263 1060 rei
274 1006 413 1075 publicae,
426 1007 578 1059 censuisset
592 1010 641 1058 aut
653 1006 732 1058 domi
745 1022 885 1059 remanere
897 1008 976 1060 volu·

97 1093 100 1100 '
132 1088 207 1153 isset,
217 1099 275 1139 non
287 1103 346 1140 esse
358 1087 448 1154 utilia,
459 1087 525 1155 quia
539 1086 596 1140 sint
607 1087 755 1156 flagitiosa,
765 1087 856 1156 foeda,
866 1087 968 1156 turpia.

168 1169 302 1222 XXXIII.
341 1170 400 1222 rto.
416 1171 514 1220 Restat
524 1172 622 1235 quarta
634 1183 705 1237 pars,
717 1183 788 1235 quae
801 1167 909 1235 decore,
919 1184 977 1220 mo·
998 1197 1001 1202 ·

134 1249 287 1316 derationo,
299 1248 445 1317 modestia,
459 1248 640 1314 continentia,
653 1249 838 1317 temperantia
846 1248 977 1307 ,contine-

134 1334 187 1383 tur.
224 1329 322 1382 Potest
335 1327 426 1397 igitur
437 1327 593 1396 quidquam
607 1327 676 1380 utile
692 1343 757 1394 esse,
769 1327 846 1395 quod
861 1327 899 1380 sit
911 1322 977 1380 bule

134 1408 234 1462 talium
251 1408 390 1462 virtutum
409 1409 494 1461 choro
513 1407 703 1466 contrariuml
739 1407 830 1475 Atqui
850 1408 887 1460 ab
904 1407 977 1460 Aris-

134 1489 216 1558 tippo
232 1487 377 1556 Cyrenaici
395 1494 480 1556 utque
494 1487 639 1540 Annicerii
656 1487 822 1557 philosophi
839 1487 977 1540 nominati

135 1569 334 1622 omnebonum
349 1568 379 1620 in
391 1570 537 1637 voluptate
550 1572 702 1637 posuerunt
714 1568 901 1636 virtutemque
914 1584 977 1620 cen·

135 1655 251 1703 suerunt
264 1649 300 1702 ob
312 1665 375 1702 eam
386 1665 445 1701 rem
458 1665 515 1702 esse
525 1649 704 1718 laudandam,
714 1649 792 1718 quod
805 1647 926 1702 efficiens
938 1665 978 1701 es-

135 1736 178 1784 set
190 1730 352 1800 voluptatis.
391 1730 500 1796 Quibus
515 1730 648 1783 obsoletis
659 1729 740 1783 floret
752 1729 897 1800 Epicurus,
907 1730 978 1782 cius-

136 1811 200 1862 dem
212 1809 269 1862 fere
282 1809 395 1862 adiutor
407 1815 559 1878 auctorque
572 1810 732 1864 sententiae.
770 1811 842 1863 (inm
854 1810 898 1862 bis
910 1810 979 1864 vir-is

98 1953 99 1956 Ἴ
136 1890 276 1959 equisque,
292 1894 324 1943 ut
345 1890 459 1957 dicitur,
475 1891 498 1942 si
518 1892 694 1944 honestatem
713 1891 787 1944 tueri
808 1907 841 1944 ae
861 1891 978 1944 retinere

136 1971 275 2026 sententia
300 1974 350 2039 est,
369 1970 570 2024 decertandum
595 1976 644 2026 est.
690 1974 749 2026 117.
774 1973 849 2026 Nam
873 1971 897 2024 si
921 1989 978 2023 non

136 2054 222 2106 modo
246 2040 434 2120 ottinsand
455 2051 515 2106 vita
539 2051 630 2105 omnis
651 2051 733 2105 beata
755 2051 878 2121 corporis
898 2051 979 2104 firma

136 2132 337 2188 constitutione
356 2131 471 2200 eiusque
486 2131 695 2187 constitutionis
714 2148 763 2201 spe
781 2133 979 2201 explorabant

137 2229 154 2265 a
168 2213 328 2266 Metrodoro
344 2213 480 2282 scriptum
495 2216 546 2278 est,
556 2212 724 2280 continetur,
735 2217 808 2265 certe
821 2213 889 2264 baec
903 2211 979 2264 utili-

112 2321 119 2336 ·
136 2296 180 2344 tas
198 2292 355 2362 etquidem
374 2291 559 2346 summa—sic
577 2291 652 2345 enim
666 2293 979 2346 censent-cum‘hone-

137 2377 208 2425 state
226 2372 387 2443 pugnabit,
411 2374 486 2426 Nam
506 2371 556 2438 ubi
569 2371 697 2441 ,primum
716 2371 884 2440 prudentiae
901 2371 980 2424 locus

138 2452 270 2507 dabiturl
288 2470 332 2520 an,
340 2460 372 2506 ut
385 2453 534 2521 conquirat
542 2453 668 2520 undique
681 2452 852 2506 suavitatosl
888 2451 980 2517 Quam
1016 2459 1019 2468 '

138 2531 221 2584 miser
238 2532 350 2587 virtutis
368 2533 519 2586 famulatus
539 2532 685 2585 servientis
702 2533 857 2602 voluptatil
895 2532 980 2597 Quod

139 2616 232 2664 autem
247 2629 349 2666 munus
364 2613 547 2683 prudentiae?
566 2615 603 2666 'un
617 2614 710 2682 legere
724 2612 918 2681 intellegenter
931 2629 980 2664 vo-

138 2693 278 2762 luptatesl
314 2695 372 2746 Fac
384 2694 455 2745 nibil
468 2694 522 2746 isto
537 2693 766 2760 esseiucundins,
776 2694 847 2761 quid
860 2684 980 2763 eogitari

138 2776 232 2842 potest
251 2772 379 2841 turpinsl
416 2775 482 2841 Iam,
499 2774 548 2841 qui
568 2774 694 2826 dolorem
715 2789 854 2827 summum
875 2765 981 2826 malurn

139 2853 225 2919 dieat,
241 2853 319 2922 apud
341 2869 404 2906 cum
424 2870 508 2921 quem
528 2854 615 2906 habet
632 2855 726 2907 locum
745 2854 892 2920 fortitudo,
908 2870 980 2922 quae

139 2938 182 2985 est
194 2933 323 2985 dolorum
335 2933 517 3000 laborumque
529 2935 720 3003 contemptiol
757 2934 891 3001 Quamvis
905 2935 980 2988 enim

139 3011 236 3062 multis
254 3011 324 3063 loeis
341 3010 417 3062 dicat
433 3012 579 3080 Epicurus,
592 3013 675 3066 sieuti
694 3013 773 3082 dicit,
786 3015 853 3068 satis
870 3015 981 3069 fortiter

141 3089 176 3139 de
192 3091 296 3157 dolore,
309 3095 403 3142 tamen
421 3105 478 3148 non
496 3091 528 3144 id
544 3094 728 3160 spectandum
747 3101 789 3148 cst
804 3095 875 3164 quid
893 3096 980 3165 dicat,
