2272 3442
334 139 424 188 CATO
441 138 572 187 MAJOR.
608 137 684 186 eAP.
704 137 753 185 VI.
770 134 836 186 VII.
996 138 1028 193 7,

79 289 82 296 γ
166 221 221 274 sint
238 220 358 288 gerenda
371 217 525 287 praescribo
544 221 572 271 et
590 216 740 285 quomodo:
760 217 924 289 Karthagini
940 217 1011 271 male

165 296 222 363 jam
237 297 285 348 diu
299 295 429 364 cogitanti
447 294 548 348 bellum
564 293 651 347 multo
665 296 729 346 ante
747 293 886 364 denuntio,
904 295 940 348 dc
958 310 1012 362 qua

166 373 255 426 vereri
271 389 325 425 non
342 374 407 424 ante
421 370 543 424 desinam
557 386 639 438 quam
653 369 727 422 illam
742 371 859 424 excisam
878 387 938 425 esse
952 386 1013 438 eog-

168 464 273 504 novem.
306 453 344 502 19.
365 448 452 512 Quam
463 445 581 514 palmam
593 445 698 498 utinam
711 445 757 498 Dii
769 446 944 512 immortales,
958 446 1013 500 Sei·

168 524 220 596 pio,
234 523 286 577 tibi
301 525 449 589 reservent,
462 525 495 574 ut
513 521 556 574 avi
570 521 699 590 reliquias
713 538 886 590 persequare,
905 521 1014 590 cujusa

168 603 257 655 morte
274 599 373 653 tertius
391 597 435 650 hic
450 599 479 650 ot
494 596 648 650 tricesimus
663 613 749 649 annus
766 602 823 652 est:
846 599 897 652 sed
913 613 1014 652 memo-

167 675 237 730 riam
246 675 318 742 illius
327 673 378 727 viri
388 688 482 726 omnes
491 671 628 740 excipient
635 672 698 724 anni
708 677 911 740 consequentes.
933 675 1014 726 Anno

169 755 233 804 ante
244 767 288 803 me
300 766 439 804 censorem
452 751 576 802 mortuns
587 751 637 814 cst,
650 764 746 801 novem
760 749 838 802 annis
850 753 913 818 pest
923 765 1015 801 meum

170 826 346 892 consulatum,
366 841 450 893 quum
473 823 566 877 consul
589 823 691 876 iterum
714 841 760 878 me
777 825 887 878 consule
906 827 1016 876 creatus

169 909 249 956 essct.
286 903 359 954 Num
377 901 469 968 igitur,
487 899 510 951 si
528 899 564 952 ad
581 900 759 953 centesimum
777 917 877 953 armum
895 899 1015 964 vixisset,

171 979 318 1031 senectutis
333 993 395 1030 eum
410 991 475 1028 suae
489 975 660 1044 poenitereti
695 977 720 1028 N
724 993 754 1029 ec
771 977 842 1030 enim
857 975 1015 1029 excursione

171 1070 221 1106 nee
240 1054 312 1106 saltu
327 1070 377 1106 nee
391 1052 497 1106 eminus
511 1051 597 1104 hastis
612 1057 660 1104 aut
669 1053 797 1104 veominus
812 1051 911 1120 gladiis
925 1053 1017 1104 utore-

173 1133 225 1194 tur,
237 1130 286 1182 sed
298 1129 416 1194 consilio,
428 1128 541 1193 ratione,
555 1128 696 1182 sententia
734 1129 809 1192 Quae
821 1128 873 1181 nisi
885 1130 977 1182 essent
988 1127 1016 1178 in

172 1205 289 1271 senibus,
304 1221 357 1258 non
376 1219 510 1257 summum
528 1203 669 1256 eonsilium
686 1203 804 1272 majores
822 1203 909 1255 nostri
926 1201 1016 1268 appel-

172 1281 273 1334 lassent
290 1280 427 1333 Senatum.
453 1285 504 1342 ,20.
528 1279 612 1345 Apud
627 1279 854 1332 Lacedaemonios
871 1277 982 1346 quidem
998 1277 1017 1328 ii

174 1356 220 1423 qui
233 1355 428 1422 amplissimum
440 1353 630 1419 magistratum
642 1357 749 1422 gerrmt,
757 1357 790 1406 ut
802 1357 873 1419 sunt,
886 1353 925 1406 sio
934 1352 1017 1404 etiam

173 1431 345 1483 nominantur
364 1445 449 1484 senes.
488 1428 566 1492 Quod
586 1429 608 1480 si
628 1429 719 1496 legere
740 1433 788 1482 aut
806 1428 903 1481 audire
921 1427 1019 1480 voletis

109 1571 111 1574 Ι
174 1509 294 1572 externa,
313 1505 444 1558 maximas
462 1504 645 1572 respublicas
663 1504 698 1557 ab
714 1503 930 1559 adolescentibus
948 1503 1020 1556 labe-

173 1582 266 1648 factas,
279 1598 295 1634 a
307 1582 416 1635 senibus
428 1583 595 1634 sustentatas
608 1585 637 1634 et
649 1581 792 1634 restitutas
804 1579 954 1647 reperietis.

193 1659 266 1719 Cedo,
281 1663 326 1722 qut
337 1665 444 1708 vestram
452 1667 508 1708 'rem
520 1657 644 1720 publicam
655 1663 752 1706 tantam
764 1658 880 1705 amisistis
891 1661 944 1705 tam
956 1658 1019 1706 citel

175 1730 220 1784 Sic
231 1731 303 1783 enim
315 1733 517 1798 percontantur,
532 1732 564 1781 ut
576 1733 619 1782 est
631 1729 659 1782 in
672 1729 767 1782 Naevii
780 1727 866 1782 Ludo.
898 1728 1020 1795 Respon-

175 1805 275 1860 dentur
286 1809 315 1859 et
327 1805 380 1858 alia
390 1808 420 1858 ct
431 1805 482 1858 hoe
494 1805 521 1856 in
533 1804 642 1873 primis:

176 1935 178 1942 ,
268 1883 450 1930 Proveniebant
463 1887 572 1929 oratores
584 1882 649 1941 novi,
663 1882 734 1930 stulti
745 1882 927 1930 adolescentuli.

174 1960 327 2013 Temeritas
346 1962 388 2013 est
406 1958 533 2013 videlicet
551 1959 674 2013 florentis
692 1961 799 2024 aetatis,
818 1959 965 2028 prudentia
982 1973 1022 2010 se-

174 2036 317 2090 nascentis.

228 2111 295 2165 VII.
326 2117 366 2164 sl.
401 2111 439 2162 At
457 2110 588 2163 memoria
605 2110 745 2164 minuitur.
782 2109 878 2176 Credo,
894 2109 946 2162 nisi
962 2123 1022 2162 eam

177 2202 303 2238 exerceas
313 2188 360 2238 aut
373 2184 396 2236 si
408 2185 445 2236 sis
454 2188 552 2237 natura
561 2185 672 2238 tardior.
699 2185 894 2240 Themistocles
903 2184 1022 2237 omnium

177 2260 275 2313 civium
292 2263 453 2326 perceperat
471 2259 586 2312 nomina.
623 2260 696 2311 Num
715 2261 799 2326 igitur
818 2261 933 2312 censetis
952 2275 1022 2323 ourrr,
1035 2275 1051 2318 ¹·

177 2351 260 2402 quum
278 2339 370 2386 aetate
388 2334 572 2400 processisset,
591 2335 637 2401 qui
656 2335 795 2386 Aristides
814 2339 887 2387 esset
905 2335 1023 2400 Lysima-

176 2411 256 2464 chum
275 2409 394 2462 salutare
412 2409 538 2463 solitum?
574 2409 708 2476 Equidem
727 2425 780 2462 non
799 2409 879 2461 modo
898 2425 944 2461 cos
961 2409 1023 2460 novi

176 2487 223 2555 qui
236 2490 306 2552 sunt,
320 2486 369 2540 sed
381 2501 475 2538 eorum
487 2488 580 2554 patros
593 2485 676 2538 etiam
689 2489 718 2539 et
729 2502 799 2539 avos.
829 2484 887 2537 Nec
900 2483 1025 2553 sepulcra

175 2563 270 2630 legens
287 2579 390 2628 vereor,
410 2561 483 2629 quod
501 2563 584 2628 aiunt,
603 2579 637 2616 ne
655 2561 814 2616 memoriam
831 2561 962 2630 perdam;
982 2560 1025 2612 his

176 2638 247 2692 'enim
272 2639 338 2706 ipsis
362 2637 485 2706 legendis
508 2639 537 2690 in
557 2639 715 2692 memoriam
739 2637 822 2692 redeo
846 2641 1023 2690 mortuorum.

178 2714 235 2766 Nee
254 2730 318 2766 vero
338 2730 502 2782 quemquam
524 2731 617 2770 senem
644 2715 733 2769 audivi
755 2714 870 2767 oblitum
893 2729 946 2781 quo
967 2712 1025 2764 loco

175 2789 333 2842 thesaurum
346 2789 489 2843 obruisset.
526 2790 625 2844 Omnia
637 2807 706 2859 quae
719 2794 815 2843 curant
827 2791 1023 2851 meminerunt;

177 2865 330 2918 vadimonia
349 2865 513 2930 constituta;
537 2867 584 2934 qni
606 2867 665 2930 sibi,
684 2867 726 2920 cui
746 2865 799 2934 ipsi
820 2865 946 2918 debeant.
984 2868 1022 2920 22.

177 2939 250 3002 Quid
263 2940 459 3008 jurisconsulti,
477 2941 544 3009 quid
562 2943 710 3010 pontifices,
729 2941 797 3010 quid
815 2957 938 3008 augures,
958 2937 1026 3007 quid

176 3014 329 3084 philosophi
354 3033 439 3083 senes,
460 3021 541 3083 quam
565 3017 652 3070 multa
675 3018 871 3070 meminerunt!
910 3016 1023 3067 Manent

179 3089 285 3156 ingenia
297 3091 415 3158 senibus,
426 3091 508 3144 modo
522 3091 816 3160 permaneat'studium
833 3097 862 3144 et
876 3090 1023 3149 industria3

180 3181 228 3218 nee
246 3181 279 3219 (a
297 3167 386 3220 solum
405 3169 434 3223 in
453 3168 532 3221 claris
551 3171 580 3222 et
598 3168 737 3221 honoratis
756 3167 829 3230 viris,
851 3164 901 3218 sed
921 3164 949 3215 in
969 3164 1026 3215 vita
