2256 3448
188 199 191 206 ,
253 150 323 200 LIB.
341 151 373 212 1.‚
391 151 469 200 CAP.
485 151 700 212 rimu-XLIV„
718 151 732 212 §
748 155 870 204 151-157.
937 156 985 202 113

48 229 50 232 ’
138 239 188 288 est.
224 234 288 288 154.
311 234 405 303 Atque
420 235 452 288 id
467 237 590 304 optimus
606 237 724 306 quisque
739 237 844 308 reipsa
859 238 984 291 ostendit

138 319 167 368 et
175 314 292 369 iudicat.
332 315 401 380 Quis
414 309 488 368 enim
497 322 538 369 est
548 322 606 369 tam
616 319 737 387 cupidus
745 318 776 370 in
785 319 983 388 perspicienda

138 395 389 464 cognoscendaque
406 411 497 448 rerum
513 402 620 465 natura,
633 403 673 464 ut,
687 398 711 449 si
728 398 754 450 ei
768 399 903 452 tractanti
918 416 983 452 con-

137 477 342 545 templantique
367 493 411 529 res
434 477 595 546 cognitione
620 477 798 547 dignissimas
825 479 919 532 subito
946 481 983 532 sit

137 557 265 610 adlatum
283 556 440 624 periculum
459 557 664 626 discrimenque
685 559 801 627 patriae,
819 559 864 612 cui
886 562 983 614 subve-

136 638 197 690 nire
209 637 398 706 opitularique
408 637 505 706 possit,
513 655 570 690 non
579 637 629 690 illa
642 638 737 691 omnia
749 639 889 708 relinquat
899 646 983 710 atque

62 735 65 743 ·
137 717 260 785 abiiciat,
269 717 354 770 etiam
367 718 391 770 si
404 718 578 770 dinumerare
591 735 619 771 se
632 719 727 772 stellas
739 723 788 773 aut
800 720 893 772 metiri
905 738 983 774 mun-

137 797 168 850 di
183 797 411 866 magnitudinem
425 814 507 866 posse
523 797 691 853 arbitretur?
728 799 823 869 Atque
837 801 892 853 hoc
906 801 983 854 idem

136 879 167 930 in
179 878 309 947 parentis,
319 878 349 930 in
361 879 444 930 amici
457 895 486 932 re
498 883 548 932 aut
562 879 686 948 periculo
698 879 802 936 fecerit.
841 883 900 936 155.
917 883 983 948 Qui-

136 959 190 1011 bus
202 959 284 1010 rebus
296 959 470 1028 intellegitur
482 959 584 1012 studiis
596 959 749 1030 officiisque
761 961 893 1015 scientiae
905 979 982 1031 prae-

136 1039 269 1108 ponenda
282 1055 340 1091 esse
356 1038 446 1092 officia
460 1039 593 1109 iustitiae,
601 1057 676 1112 quae
688 1042 830 1111 pertinent
843 1044 881 1096 ad
893 1043 982 1095 homi-

136 1135 204 1172 num
219 1119 371 1186 caritatem,
383 1136 438 1188 qua
452 1119 525 1172 nihil
537 1121 646 1192 homini
659 1139 717 1176 esse
732 1124 818 1177 debet
830 1123 980 1191 antiquius.

136 1200 237 1254 XLIV.
256 1199 352 1266 Atque
365 1199 415 1267 illi,
427 1217 545 1268 quorum
561 1202 655 1255 studia
665 1203 778 1272 vitaque
794 1205 885 1256 omnis
897 1205 927 1256 in
942 1221 982 1258 re-

136 1296 199 1332 rum
216 1279 379 1348 cognitione
394 1289 502 1334 versata
517 1286 567 1350 est,
581 1287 674 1335 tamen
690 1284 726 1335 ab
742 1285 878 1352 augendis
892 1285 981 1336 homi-

136 1377 205 1412 num
221 1361 391 1413 utilitatibus
409 1367 436 1414 et
451 1363 607 1416 commodis
621 1380 678 1416 non
693 1369 871 1418 recesserunt.
908 1366 982 1417 Nam

137 1447 164 1494 et
180 1441 360 1496 erudiverunt
373 1444 484 1512 multos,
498 1441 554 1511 quo
569 1445 697 1496 meliores
712 1444 787 1496 cives
801 1444 981 1512 utilioresque

136 1524 219 1576 rebus
231 1523 288 1576 suis
301 1523 421 1592 publicis
434 1531 532 1592 essent,
542 1529 574 1577 ut
584 1525 748 1578 Thebanum
757 1525 981 1594 Epaminondam

135 1603 216 1672 Lysis
233 1604 435 1674 Pythagoreus,
453 1605 629 1673 Syracusium
647 1605 768 1658 Diouem
787 1607 869 1658 Plato
887 1607 981 1658 multi-

136 1701 191 1752 que
209 1686 320 1752 multos,
338 1702 445 1754 nosque
462 1686 525 1755 ipsi,
544 1686 685 1755 quidquid
704 1687 741 1739 ad
759 1703 817 1739 rem
837 1686 981 1755 publicam

136 1765 289 1833 attulimus,
303 1766 427 1818 simodo
443 1766 550 1834 aliquid
566 1767 746 1833 attulimus‚a
761 1762 924 1820 dectoribus
939 1773 978 1820 at-

136 1847 193 1914 quc'
210 1846 339 1899 doctriua
358 1846 487 1900 instructi
505 1848 543 1900 ud
562 1864 623 1900 eam
643 1853 676 1900 ut
695 1847 786 1900 ornati
805 1848 979 1902 accessimus.

136 1929 196 1981 156.
218 1928 316 1995 Neque
331 1929 421 1980 solum
432 1927 491 1982 1111
504 1934 588 1996 atque
601 1933 757 1998 praesentes
766 1929 912 1983 studiosos
925 1929 980 1981 dis-

136 2007 220 2061 cendi
246 2008 378 2061 erudiunt
399 2013 483 2077 atque
509 2009 619 2076 docent,
640 2009 690 2062 sed
712 2010 767 2062 hoc
792 2009 872 2062 idem·
894 2009 979 2062 etiam

135 2093 201 2157 post
226 2094 344 2140 mortem
374 2089 562 2142 monumentis
592 2090 749 2142 litterarum
779 2090 978 2158 adsequuntur.

135 2170 196 2221 Nec
211 2168 285 2221 enim
300 2170 378 2222 locus
394 2171 468 2222 ullus
485 2174 527 2222 est
542 2169 750 2238 praetermissus
767 2169 803 2221 ab
818 2168 861 2236 iis,
876 2170 925 2236 qui
942 2169 979 2220 ad

136 2251 220 2318 leges,
235 2250 284 2318 qui
302 2251 339 2302 ad
358 2255 457 2318 mores,
472 2250 521 2318 qui
540 2251 578 2303 ad
597 2249 776 2318 disciplinam
793 2249 980 2317 reipublicae

135 2329 296 2399 pertineret,
310 2334 343 2382 ut
357 2330 447 2382 otium
465 2346 546 2382 suum
563 2331 600 2382 ad
615 2335 742 2382 nostrum
756 2330 902 2398 negotium
917 2345 980 2380 con-

135 2411 232 2463 tulisse
245 2411 405 2464 videantur.
442 2412 486 2464 Ita
498 2411 541 2462 illi
554 2411 609 2480 ipsi
622 2409 767 2464 doctrinae
783 2409 886 2461 studiis
901 2414 931 2462 et
941 2425 981 2462 sa-

135 2490 258 2559 pientiae
276 2491 368 2544 dediti
384 2491 421 2544 ad
436 2491 581 2544 hominum
598 2491 750 2544 utilitatem
769 2505 847 2542 suam
861 2491 981 2559 pruden-

135 2571 205 2624 tiam
217 2571 493 2641 intellegentiamque
506 2571 680 2641 potissimum
695 2565 849 2639 conferunt,
860 2571 897 2623 ob
910 2579 981 2624 eam-

135 2667 190 2720 que
215 2653 299 2705 etiam
321 2649 433 2706 causam
455 2653 550 2720 eloqui
571 2652 690 2722 copiose,
710 2653 796 2704 modo
820 2651 981 2720 prudenter,

134 2733 234 2786 melius
253 2739 295 2786 est
311 2751 395 2802 quam
410 2735 454 2787 vel
470 2734 628 2786 acutissime
647 2734 706 2786 sine
724 2734 885 2801 eloquentia
903 2733 979 2802 cogi-

135 2817 202 2882 tare,
212 2815 289 2884 quod
299 2811 435 2886 cogitatio
448 2815 477 2867 in
490 2833 518 2868 se
528 2815 589 2884 ipsa
599 2815 724 2882 vertitur,
734 2815 894 2883 eloquentia
907 2831 980 2866 com-

133 2896 268 2965 plectitur
286 2913 341 2964 eos,
357 2897 524 2965 quibuscum
546 2896 746 2948 communitate
766 2895 858 2948 iuncti
876 2910 978 2947 sumus.

135 2980 196 3031 157.
216 2978 311 3044 Atque
325 2982 357 3029 ut
370 2977 464 3046 apium
480 2977 607 3029 examina
621 2994 678 3029 non
693 2977 890 3046 fingendorum
904 2975 980 3027 favo-

135 3073 197 3110 rum
206 3074 292 3111 causa
302 3062 514 3126 congregantur,
523 3059 651 3125 sed,cum
661 3056 871 3126 congregabilia
881 3060 981 3106 natura

134 3137 200 3207 sint,
214 3137 326 3207 fingunt
339 3137 425 3204 favos,
439 3137 479 3190 sic
494 3137 621 3190 homines
637 3155 670 3192 ac
685 3139 774 3190 multo
790 3135 874 3187 ctiam
889 3133 980 3202 magis
