2272 3442
139 129 170 174 24
369 126 406 173 M.
425 123 552 172 TULLII
569 123 762 172 CICERONIS

138 207 232 260 videar
250 205 453 273 aliquandoque
476 205 503 257 in
523 207 638 272 portum
658 221 691 257 ox
715 205 796 272 longa
815 205 989 273 navigatione

139 298 199 334 esse
216 284 355 334 venturus.

190 357 251 410 XX.
296 360 335 414 72.
368 355 495 408 Omnium
524 359 646 410 aetatum
668 359 760 410 certus
778 360 821 409 est
838 358 987 412 terminus:

138 433 287 486 senectutis
306 435 398 486 autem
417 433 506 485 nullus
525 435 617 486 certus
634 435 677 485 est
695 433 835 498 terminus,
857 437 987 501 recteque

137 508 166 560 in
178 525 210 562 ea
221 509 329 576 vivitur,
348 508 439 576 quoad
451 524 549 560 munus
567 507 647 561 officii
664 508 778 576 exsequi
797 511 826 560 et
843 509 915 560 tueri
927 525 987 576 000

138 584 174 636 010
192 587 331 637 ettamen
347 587 464 638 mortem
483 587 664 636 contemnere.
701 583 742 635 lix
761 599 815 650 quo
833 583 865 634 fit
883 587 915 636 nt
933 585 987 636 ani-

137 659 237 712 mosior
249 660 333 712 etiam
348 662 474 712 senectus
493 660 528 712 sit
546 676 627 726 quam
645 658 829 712 adolescentia
842 661 870 711 ct
881 659 985 713 fortior.

139 734 199 787 Hoc
222 735 292 788 illud
315 739 358 788 est
383 734 457 802 quod
477 734 622 787 Pisistrato
646 738 760 802 tyranno
785 751 801 786 a
825 734 922 787 Solone
946 752 987 788 re-

137 825 265 876 sponsum
277 813 328 877 est,
341 827 425 878 quum
437 809 477 861 illi
490 810 706 877 quaerentique
718 809 829 863 tandem
842 826 890 876 000
899 810 986 864 fretus

137 883 189 937 sibi
209 889 267 938 tam
287 885 427 938 audaciter
448 885 602 951 obsisteret,
625 885 796 954 respondisse
822 885 922 938 dicitur
940 887 986 939 Se-

136 964 253 1013 nectute.
290 961 345 1014 Sed
363 960 471 1014 vivendi
490 964 533 1013 est
551 961 612 1012 finis
630 961 756 1028 optimus,
776 978 860 1030 quum
878 961 986 1028 integra

136 1040 229 1089 mento
242 1037 396 1104 ceterisque
411 1035 535 1088 sensibus
547 1053 615 1103 opus
627 1036 686 1104 ipsa
703 1053 781 1090 suum
800 1037 896 1090 cadem
915 1054 985 1105 quae

136 1112 335 1178 coagmentavit
344 1114 442 1164 natura
454 1110 585 1164 dissolvit.
615 1111 656 1164 Ut
667 1128 772 1179 navem,
784 1115 816 1165 ut
827 1111 983 1165 aedilicium

136 1186 209 1239 idem
234 1187 352 1240 destruit
375 1187 501 1240 facillime
529 1187 576 1254 qui
603 1187 762 1254 construxit,
788 1189 826 1240 sie
848 1187 985 1240 hominem

136 1262 233 1314 cadem
245 1263 346 1330 optime
359 1279 428 1331 quae
441 1259 636 1330 conglutinavit
648 1265 747 1315 natura
759 1262 890 1316 dissolvit.
919 1264 938 1316 J
941 1263 984 1316 am

136 1339 222 1390 omnis
234 1339 428 1406 conglutinatio
440 1355 535 1391 recens
547 1355 636 1406 aegre,
646 1340 799 1392 inveterata
810 1339 888 1390 facile
902 1339 984 1392 divel-

135 1413 207 1468 litur.
245 1415 289 1468 Ita
309 1415 341 1468 fit
355 1418 386 1468 ut
405 1415 474 1468 illud
490 1415 575 1468 breve
592 1415 665 1468 ritae
683 1414 818 1482 reliquum
836 1431 886 1466 nco
905 1415 991 1483 avide

135 1491 320 1558 appetendum
340 1491 448 1551 senibus
471 1507 521 1544 nec
545 1491 603 1543 sine
627 1507 708 1542 causa
728 1489 910 1541 deserendum
932 1491 985 1554 sit3

135 1570 265 1634 vetatque
278 1567 447 1634 Pythagoras
458 1565 563 1634 'mjussu
575 1565 753 1633 imperatoris,
766 1563 795 1616 id
812 1567 862 1630 est,
879 1564 932 1630 (101,
949 1565 985 1618 (10

134 1643 270 1708 praesidio
283 1645 312 1694 00
324 1643 440 1694 statione
449 1641 522 1694 vitae
530 1641 682 1710 decedere.¹
697 1644 737 1698 73.
757 1639 862 1693 Solonis
872 1640 983 1707 quidem

135 1717 266 1788 sapientis
284 1717 401 1783 elogium
420 1719 469 1782 est,
489 1733 542 1784 que
555 1733 584 1769 00
596 1720 679 1784 negat
690 1717 760 1769 velle
773 1732 849 1768 suam
867 1719 983 1768 mortem

135 1799 228 1852 dolore
246 1800 392 1852 amicorum
413 1803 442 1852 et
463 1799 589 1852 lamentis
610 1816 713 1852 vacare.
749 1798 826 1864 Vult,
844 1797 935 1865 credo,
954 1815 984 1852 so

135 1890 195 1928 esse
207 1891 300 1927 carum
312 1875 367 1926 suis
378 1895 384 1939 ;
402 1874 452 1927 sed
463 1874 537 1928 haud
549 1874 603 1926 seio
616 1891 650 1927 an
662 1875 758 1926 melius
771 1874 875 1927 Ennius
885 1895 891 1928 ι

181 2015 183 2021 Ι
231 1951 313 1998 Nemo
324 1967 362 1998 me
374 1951 490 1998 lacrumIs
502 1950 600 1997 decoret
612 1967 691 2014 neque
703 1952 791 1998 funera
801 1948 861 1998 fletu

233 2023 314 2070 Faxit.

135 2104 175 2156 74.
195 2101 257 2153 Non
270 2103 362 2154 censet
374 2100 523 2168 lugendam
541 2117 601 2154 esso
619 2105 735 2164 mortem
749 2119 831 2170 quam
843 2102 981 2154 immorta

134 2172 203 2250 litas
217 2179 407 2244 consequatur.
444 2177 508 2229 Jam
530 2193 625 2229 sensus
643 2177 777 2229 moriendi
802 2177 899 2245 aliquis
922 2193 982 2228 csse

133 2256 232 2321 potest,
249 2253 327 2321 isque
344 2252 380 2305 ad
393 2253 521 2320 exiguum
533 2255 641 2321 tempus
653 2255 814 2321 praesertim
831 2255 902 2307 seni:
919 2257 982 2322 post

134 2333 250 2383 mortem
271 2329 382 2398 quidem
402 2346 496 2390 sensus
520 2332 568 2382 aut
589 2330 724 2398 optandus
750 2333 798 2382 aut
819 2330 909 2382 nullus
931 2332 981 2382 est

135 2400 189 2458 Sed
201 2405 251 2458 hoc
263 2406 427 2459 meditatum
440 2406 475 2458 ab
488 2405 670 2458 adolescentia
686 2405 770 2457 debet
788 2421 847 2456 csse
865 2409 979 2458 mortem

134 2484 165 2534 ut
187 2481 362 2549 negligamus,
383 2481 440 2534 sine
464 2497 519 2548 qna
542 2480 719 2532 meditatione
748 2480 896 2545 tranquillo
922 2496 981 2534 esso

133 2556 223 2608 animo
235 2573 314 2608 nemo
330 2560 428 2624 potest.
464 2555 637 2607 Moriendum
655 2555 727 2606 enim
746 2558 820 2606 certe
838 2558 887 2622 est,
906 2559 935 2608 et
952 2557 982 2609 id

133 2630 268 2684 incertum
279 2647 314 2684 an
326 2648 358 2684 eo
370 2632 428 2698 1000
441 2630 494 2682 (110.
532 2630 651 2683 Mortem
668 2629 753 2696 igitur
771 2629 896 2683 omnibus
907 2630 981 2685 horis

133 2705 337 2774 impendentem
349 2706 448 2758 timens
460 2707 508 2772 qui
520 2706 622 2772 poterit
634 2706 723 2758 animo
736 2706 904 2759 consisteret
941 2709 980 2762 75.

134 2781 176 2833 Ι)0
196 2797 251 2848 qua
268 2781 376 2834 nonita
392 2780 472 2848 longa
490 2781 673 2848 disputatione
696 2799 762 2850 opus
784 2798 843 2834 esse
864 2781 981 2846 videtur,

134 2873 218 2924 quum
233 2857 361 2912 recorder
378 2873 432 2910 non
453 2857 481 2912 L.
497 2858 614 2910 Brutum
632 2858 679 2926 qui
697 2858 725 2910 in
740 2856 880 2911 liberanda
891 2857 981 2925 patria

134 2935 176 2985 000
188 2932 355 3000 interfectus,
368 2948 422 2985 non
435 2930 489 2986 dno
503 2933 600 2986 Decios
612 2934 659 3002 qui
671 2933 707 2986 ad
719 2934 899 2986 voluntariam
911 2950 981 2986 mor-

134 3011 190 3062 tem
202 3024 310 3060 eursum
326 3025 458 3076 equorum
474 3009 662 3075 incitaverunt,
681 3025 734 3062 non
753 3009 791 3062 M.
805 3009 918 3062 Atilium
934 3010 980 3076 qni
998 3077 1001 3082 Ι

134 3085 170 3137 ad
182 3085 342 3153 supplicium
359 3088 401 3137 est
412 3085 551 3152 profectus
569 3089 600 3138 ut
618 3085 702 3137 fidcm
720 3085 791 3138 hosti
806 3085 900 3138 datam
918 3103 981 3138 con·-

134 3165 264 3230 servaret,
277 3177 331 3214 non
343 3160 397 3214 (100
410 3160 546 3230 Scipiones
565 3162 611 3229 qui
626 3161 681 3214 itc'r
698 3161 795 3215 Poenis
807 3163 849 3215 vel
864 3161 981 3231 corpori-
