2256 3448
333 153 402 202 am.
419 151 481 214 111„
496 150 574 201 cnr.
590 150 614 201 1.
630 150 678 212 11;‚
693 148 708 210 s
724 153 777 201 1-7.
935 153 978 199 m

135 241 217 311 plura
231 237 311 292 brevi
325 241 450 306 tempora
465 251 561 288 eversa
576 250 661 302 quarn
675 233 772 287 multis
790 234 871 287 annis
888 239 981 288 stante
1061 249 1063 254 ·

135 339 164 375 re
176 319 292 391 publica
304 317 473 387 scripsimus.

170 403 206 456 H.
235 404 260 454 5.
277 400 333 453 Sed
343 414 407 451 cum
416 402 476 450 tota
485 395 674 466 philosophia,
684 395 724 448 mi
733 394 839 464 Oieero,
847 395 982 466 frugifera

135 487 164 536 et
178 482 321 535 fructuosa
335 494 387 531 nec
402 479 461 530 utta
476 493 539 546 pars
558 475 618 528 cius
635 475 743 528 inculta
762 491 794 528 ac
810 476 920 530 deserta
935 477 980 544 sit,

134 570 197 616 tum
211 563 306 615 nullus
320 559 438 612 feracior
452 557 482 609 in
498 573 530 610 ea
544 558 623 609 locus
641 561 683 609 est
700 571 752 608 nec
771 557 882 610 uberior
897 574 981 626 quam

135 645 171 698 de
196 641 303 708 officiis,
322 657 338 694 a
360 639 462 709 quibus
486 643 646 690 constanter
669 637 840 705 honesteque
864 638 981 692 vivendi

92 760 94 762 -
134 725 284 794 praccepta
303 721 452 773 ducuntur.
471 717 558 788 ¹Qua
571 733 600 769 re
618 732 788 784 quamquam
810 734 826 770 a
845 718 981 787 Cratippo

134 807 239 870 nostro,
252 798 478 870 principelruius
493 797 641 850 memoriae
655 795 897 866 philosophorum,
910 799 981 850 hacc

134 890 163 937 te
178 870 299 937 adsidue
314 879 410 934 audire
426 884 510 947 atque
530 877 655 947 accipere
673 877 794 946 confido,
807 882 901 930 tamen
916 894 980 930 con-

135 965 238 1017 ducere
251 961 371 1014 arbitror
380 958 484 1012 talibus
496 974 576 1010 aures
588 963 652 1010 tuas
663 957 782 1011 vocibus
794 958 920 1028 undique
930 959 980 1010 cir-

135 1058 299 1097 cumsonare
314 1057 365 1094 nec
380 1057 434 1108 eas,
448 1040 472 1092 si
486 1039 546 1092 fieri
560 1039 657 1108 possit,
667 1039 824 1108 quidquam
838 1040 917 1093 aliud
934 1056 981 1092 au-

135 1126 205 1180 dire.
240 1126 265 1177 6.
282 1122 365 1189 Quod
378 1137 444 1174 cum
456 1120 587 1174 omnibus
599 1125 641 1173 est
653 1120 821 1188 faciendum,
833 1121 882 1189 qui
892 1121 980 1175 vitam

134 1207 284 1258 honestam
298 1201 412 1272 ingredi
426 1200 561 1270 cogitant,
575 1205 636 1252 tum
651 1201 729 1253 haud
748 1201 805 1252 scio
824 1217 859 1252 an
874 1201 980 1254 nemini

134 1285 232 1356 potius
245 1278 403 1353 quamtibi.
442 1280 568 1335 Sustines
583 1280 657 1332 enim
671 1297 856 1349 nonparvam
869 1297 981 1350 exspec·
1062 1321 1065 1328 .

134 1366 273 1419 tationem
285 1363 437 1417 imitandae
452 1359 608 1414 industriae
622 1365 741 1427 nostrae,
751 1376 881 1429 magnam
894 1361 981 1412 hono·

135 1463 206 1514 rum,
222 1461 281 1497 non
302 1446 410 1497 nullam
430 1442 547 1496 fortasse
569 1439 699 1494 nominis.
738 1439 890 1509 Suscepisti
911 1457 982 1492 onus

135 1531 280 1597 praeterea
301 1541 386 1595 grave
407 1528 436 1576 ct
450 1523 624 1575 Athenarum
646 1527 675 1574 et
693 1521 835 1590 Cratippi:
858 1521 895 1574 ud
911 1536 987 1590 quos

136 1624 201 1660 eum
225 1611 370 1674 tamquam
392 1605 429 1658 ad
450 1607 636 1674 mercaturam
659 1602 795 1658 bonarum
819 1601 922 1654 artium
944 1601 982 1652 sis

135 1687 288 1758 profectus,
301 1687 413 1739 inanem
432 1683 523 1736 redire
541 1681 735 1751 turpissimum
753 1686 794 1735 est
814 1681 982 1735 dedecoran-

137 1776 193 1832 tem
209 1773 239 1821 et
253 1767 332 1821 urbis
349 1764 545 1820 auctoritatem
560 1768 589 1816 et
602 1763 737 1832 magistri.
772 1763 834 1829 Qua
852 1779 881 1816 re
896 1780 983 1832 quan·

138 1856 198 1904 tum
212 1848 320 1902 conniti
333 1847 427 1900 animo
442 1849 532 1915 potes,
543 1848 680 1912 quantum
695 1845 790 1897 labore
804 1844 982 1910 contendero,

137 1932 161 1984 si
174 1929 305 1984 discendi
317 1929 396 1981 labor
408 1932 451 1980 cst
463 1925 558 1996 potius
570 1941 655 1992 quam
666 1927 807 1995 voluptas,
817 1930 929 1978 tantum
938 1924 983 1976 fac

138 2017 169 2064 ut
184 2010 289 2064 efficias
304 2025 374 2061 neve
390 2006 549 2060 committas
564 2009 604 2073 ut,
613 2021 678 2058 cum
693 2005 787 2058 omnia
803 2005 984 2074 suppeditata

138 2091 195 2143 sint
208 2107 224 2142 a
236 2089 327 2154 nobis,
337 2093 397 2141 tute
410 2086 465 2140 tibi
477 2085 600 2140 defirisse
609 2085 730 2139 videare.
769 2085 825 2137 Sed
837 2086 907 2136 haec
919 2085 984 2136 hac-

138 2177 235 2224 tenus:
254 2171 344 2222 multa
354 2167 428 2222 enim
438 2183 520 2237 saepe
533 2168 571 2220 ad
579 2172 608 2218 te
621 2163 787 2217 cohortandi
798 2164 890 2232 gratia
899 2164 984 2232 scrip·

137 2253 233 2305 simus.
270 2250 355 2302 Nunc
370 2249 407 2302 ad
422 2247 558 2317 reliquam
572 2251 680 2316 partem
693 2243 854 2314 propositae
869 2243 984 2296 divisio-

139 2332 183 2385 uis
195 2334 374 2385 revertamur.
421 2383 423 2388 ,

175 2414 200 2466 7.
216 2409 367 2465 Panaetius
381 2407 478 2478 igitur,
489 2407 538 2476 qui
553 2406 613 2460 sine
631 2403 819 2460 controversia
834 2405 871 2458 dc
886 2402 985 2456 officiis

140 2491 348 2545 accuratissime
379 2487 536 2558 disputavit
563 2502 702 2555 quemque
732 2501 784 2538 nos
814 2483 986 2538 correctione

141 2571 263 2640 quadam
290 2569 421 2624 adhibita
451 2567 628 2638 potissimum
657 2566 746 2619 secuti
772 2581 876 2633 sumus,
896 2564 987 2618 tribus

140 2651 291 2720 generibus
309 2648 469 2719 propositis
482 2647 512 2700 iu
528 2647 631 2715 quibus
647 2647 802 2700 deliberare
817 2645 944 2699 homines
958 2650 988 2698 et

141 2732 299 2784 consultare
313 2731 348 2783 de
362 2728 454 2782 officio
470 2729 598 2795 solerent,
608 2743 673 2794 unc,
684 2743 748 2780 cum
764 2726 926 2780 dubitarent
938 2726 987 2777 ho·

141 2816 287 2864 nestumne
309 2810 342 2863 id
360 2814 439 2875 essct,
455 2808 491 2860 dc
509 2825 565 2876 quo
587 2813 724 2877 ageretur,
741 2824 777 2860 an
796 2811 885 2876 turpe,
899 2808 988 2860 altero

140 2892 247 2946 utilene
262 2895 333 2944 esset
348 2907 383 2943 an
397 2889 506 2955 inutile,
516 2887 608 2956 tertia,
619 2888 643 2941 si
657 2887 697 2956 id,
708 2888 787 2956 quod
802 2888 923 2956 speeiem
937 2887 987 2938 lra-

141 2972 221 3026 beret
235 2971 354 3038 honesti,
368 2974 508 3039 pugnaret
526 2985 590 3021 cum
607 2985 649 3037 eo,
663 2969 740 3036 quod
753 2967 821 3021 utile
837 2967 987 3032 videretur,

143 3069 200 3121 quo
212 3053 300 3105 modo
316 3067 348 3104 ea
364 3049 486 3104 discerni
501 3053 651 3118 oporteret,
662 3051 698 3103 de
713 3049 823 3101 duobus
834 3045 989 3115 generibus

68 3167 70 3172 ·
143 3132 243 3203 primis
257 3131 348 3185 tribus
363 3130 443 3184 libris
458 3128 618 3200 explicarit,
629 3131 665 3183 de
680 3129 763 3182 tertio
778 3135 872 3180 autem
887 3139 988 3194 genere
