2272 3442
167 127 199 173 er
477 88 527 168 on
543 119 695 168 oramus

167 209 240 265 ara,
250 205 265 265 t
276 209 366 266 aoso,
378 205 510 254 lernaeae
521 191 759 261 foeneraretur,
770 217 823 264 cap.
834 199 945 262 rarat
958 203 1008 250 er-

166 274 208 331 92,
220 271 328 333 denique
339 271 370 318 de
382 270 546 330 temperantia
558 277 583 316 et
593 269 689 329 decore,
700 267 767 329 quod
779 281 835 314 cum
848 281 878 314 ea
889 266 1008 314 coniunc⁴

167 344 222 383 tum
239 337 279 394 sit,
291 335 351 394 agit,
363 349 417 395 cap.
428 332 543 391 27-42,§
561 335 664 380 93-151.
698 333 830 380 Postremo
847 331 1008 380 honestorum

166 400 232 448 inter
243 414 270 448 se
281 399 493 462 comparationem
504 398 620 458 instituit,
632 413 685 460 cap.
696 399 785 458 4345,
797 395 811 454 ἓ
825 397 947 446 152-160.

202 526 223 580 I.
250 528 273 579 1.
290 525 468 593 Quamquam
485 529 522 592 te,
535 525 628 576 Marce
642 523 691 590 fili,
704 538 809 576 annum
822 521 880 574 iam
894 521 1007 574 audien·

166 610 224 658 tem
239 606 405 676 Cratippum
416 605 503 672 idque
515 603 635 656 Athenis
651 603 792 656 abundare
807 605 918 671 oportet
928 617 1006 670 prae-

167 685 255 754 ceptis
273 685 465 754 institutisque
481 683 678 753 philosophiae
694 687 809 752 propter
826 697 963 734 summam
978 685 1006 733 et

167 765 291 818 doctoris
300 765 496 818 auctoritatem
506 770 534 815 et
543 763 628 830 urbis,
639 777 759 832 quorum
769 762 839 812 alter
848 766 876 813 te
889 760 1005 812 scientia

167 861 269 914 augere
281 849 383 913 potest,
395 845 481 896 altera
494 842 637 911 exemplis,
647 847 749 910 tamen,
759 846 791 894 ut
800 841 860 910 ipse
870 843 907 894 ad
916 857 1005 894 meam

167 926 319 978 utilitatem
332 940 440 992 semper
452 939 517 975 cum
529 922 643 976 Graecis
655 923 756 975 Latina
768 922 903 974 coniunxi
914 939 1005 990 neque

166 1005 197 1055 irl
212 1004 243 1054 in
258 1003 438 1072 philosophia
453 1003 553 1070 solum,
565 1003 615 1055 sed
630 1002 714 1054 etiarn
728 1001 759 1053 in
774 1001 888 1054 dicendi
904 1002 1006 1053 exerei-

166 1083 273 1135 tatione
288 1082 350 1150 feci,
364 1083 441 1135 idem
453 1081 508 1134 tibi
522 1099 621 1134 censeo
636 1081 804 1148 iaciendum,
812 1087 845 1133 ut
857 1097 909 1150 par
924 1081 961 1133 sis
974 1081 1006 1132 in

166 1163 311 1230 utriusque
330 1161 465 1214 orationis
479 1161 619 1215 facultate.
657 1163 747 1227 eram
763 1160 876 1228 quidem
895 1160 1005 1212 adrem

96 1277 101 1286 ·
165 1257 224 1310 nos,
235 1249 267 1294 ut
281 1241 418 1312 videmur,
431 1259 566 1312 magnum
584 1241 729 1294 attulimus
747 1241 938 1293 adiumentum
956 1241 1004 1291 ho

166 1323 288 1377 minibus
305 1323 416 1392 nostris,
432 1328 464 1376 ut
482 1339 540 1376 non
559 1323 645 1375 modo
664 1320 831 1374 Graecarum
850 1320 1004 1372 litterarum

117 1459 119 1464 ,
165 1405 255 1473 rudes,
269 1405 318 1458 sed
328 1403 413 1457 etiam
423 1403 501 1456 docti
514 1403 689 1470 aliquantum
702 1417 730 1453 se
743 1401 911 1454 arbitrentur
920 1401 1004 1468 adep-

164 1489 209 1537 tos
227 1489 255 1537 et
271 1484 476 1538 addicendum
492 1483 571 1535 etad
589 1481 780 1534 iudicandum.
818 1484 842 1533 2.
859 1479 948 1546 Quam
967 1481 1005 1532 ob

165 1579 222 1616 rem
233 1565 324 1616 disces
334 1568 366 1615 tu
379 1563 494 1630 quidem
507 1579 523 1614 a
535 1561 663 1631 principe
675 1561 759 1612 huius
771 1559 870 1612 aetatis
882 1559 1005 1628 philoso-

164 1645 285 1712 phorum
298 1648 326 1696 et
339 1642 428 1694 disces
442 1658 525 1710 quam
538 1641 588 1694 diu
600 1643 685 1708 voles,
696 1644 754 1693 tam
767 1639 817 1693 diu
827 1643 920 1692 autern
932 1640 1004 1692 velle

165 1724 288 1789 debebis,
303 1722 398 1789 quoad
415 1725 444 1774 te
463 1725 599 1788 quantum
618 1720 747 1790 proficias
764 1736 821 1772 non
839 1718 1004 1788 poenitebit.

166 1802 221 1854 Sed
237 1807 331 1853 tamen
349 1805 443 1852 nostra
457 1802 553 1870 legens
571 1819 629 1854 non
643 1803 763 1854 multum
779 1819 796 1855 a
810 1801 1005 1872 Peripateticis

166 1880 339 1948 dissidentia,
350 1879 482 1948 quoniam
494 1881 613 1950 utrique,
624 1882 758 1936 Socratici
769 1887 796 1936 et
804 1882 951 1950 Platonici,
958 1899 1005 1934 vo

165 1964 256 2014 lamus
269 1977 334 2030 csse,
344 1962 380 2014 de
390 1961 471 2014 rebus
482 1961 552 2031 ipsis
561 1967 638 2016 utere
647 1968 696 2016 tuo
706 1963 921 2016 iudicio-nihil
931 1962 1005 2018 enim

164 2041 479 2110 impedio—orationem
498 2047 591 2095 autem
610 2043 740 2096 Latinam
759 2043 861 2096 efficies
879 2043 1005 2112 proiecto

165 2123 293 2191 legendis
305 2124 407 2176 nostris
420 2125 580 2194 pleniorem.
618 2127 678 2178 Neo
691 2142 757 2178 vero
770 2127 825 2178 hoo
838 2125 1006 2192 adroganter

166 2203 273 2256 dictum
292 2203 445 2257 existimari
460 2206 552 2260 velim.
589 2206 663 2258 Nam
678 2203 901 2274 philosophandi
919 2203 1005 2255 scien-

164 2283 234 2336 tiam
252 2285 409 2338 concedens
431 2286 536 2354 multis,
555 2287 633 2356 quod
653 2291 696 2338 est
715 2285 833 2337 oratoris
853 2283 1003 2352 proprium,

165 2367 238 2434 apte,
249 2365 388 2432 distincte,
400 2371 496 2419 ornate
512 2366 612 2433 dicere,
622 2365 755 2433 quoniam
767 2364 796 2416 in
811 2380 843 2417 eo
856 2362 950 2416 studio
963 2378 1005 2414 ae-

165 2448 252 2496 tatem
274 2445 440 2514 consumpsi,
455 2445 479 2497 si
496 2445 529 2498 id
547 2445 619 2498 mihi
637 2447 763 2512 adsumo,
777 2444 876 2498 videor
893 2442 924 2494 id
942 2457 1005 2494 meo

164 2522 225 2576 iure
238 2527 362 2592 quodam
374 2526 460 2577 modo
470 2525 621 2578 vindicare.
655 2528 678 2578 3.
690 2526 894 2591 Quamobrem
903 2537 1005 2590 magno

166 2617 249 2670 opere
269 2608 298 2655 te
319 2605 424 2668 hortor,
440 2603 480 2654 mi
501 2601 606 2671 Cicero,
623 2609 656 2656 ut
677 2620 733 2656 non
751 2606 846 2656 solum
867 2602 1006 2655 orationes

165 2698 248 2746 meas,
260 2684 309 2756 sed
319 2684 371 2734 hos
384 2684 468 2735 etiam
482 2684 517 2736 de
530 2684 710 2752 philosophia
720 2685 814 2752 libros,
826 2683 874 2751 qui
884 2683 939 2735 iam
949 2681 1006 2732 illis

166 2761 222 2813 fere
236 2767 398 2829 aequarunt,
407 2762 532 2815 studiose
546 2765 630 2832 legas.
661 2763 712 2817 Vis
724 2763 799 2815 enim
806 2762 899 2814 maior
907 2762 937 2812 in
949 2759 1006 2813 illis

167 2840 290 2909 dicendi,
308 2842 358 2894 scd
376 2842 430 2894 hoc
451 2859 562 2910 quoquc
582 2843 731 2895 colendum
753 2848 795 2894 est
814 2841 958 2910 aequabile
977 2846 1007 2892 et

166 2925 351 2988 temperatum
372 2921 505 2973 orationis
524 2938 620 2990 genus.
657 2923 694 2974 Et
712 2921 743 2974 id
766 2921 880 2989 quidem
901 2919 1007 2972 nemini

167 3001 335 3053 Graecorum
353 2999 437 3054 video
457 3001 550 3053 adhuc
569 3001 774 3068 contigissent
792 3001 867 3052 idem
887 3007 1007 3067 utroque

167 3078 198 3130 in
210 3095 311 3147 genere
324 3080 477 3133 elaboraret
489 3085 702 3146 sequereturque
715 3086 743 3130 et
755 3080 828 3131 illud
840 3079 948 3130 forense
965 3080 1007 3130 di-
