2256 3448
267 123 336 172 LIB.
354 123 417 184 ΙΙΙ.,
431 124 510 172 CAP.
526 123 707 188 rix-xxii,
728 121 845 182 §aa-87.
931 126 979 173 177

137 206 269 260 nocturni
288 209 386 276 metus,
399 205 459 261 vita
477 206 645 260 insidiarum
661 207 903 278 periculorumque
920 209 979 278 ple-

137 289 271 342 nissimai
819 311 822 315 ·

199 417 277 464 Multi
288 417 370 476 iniqui
379 419 456 476 atque
466 419 581 465 infideles
592 431 679 480 regno,
689 419 764 478 pauci
775 420 836 466 sunt
846 420 915 479 boni,

136 533 230 603 inquit
241 531 354 586 Accitis.
391 534 430 586 At
445 533 492 586 cui
505 521 612 604 regno?
631 535 709 602 quod
724 551 741 587 a
755 535 874 588 Tantalo
889 540 918 588 et
929 537 979 589 Pe·

137 616 201 684 lopo
215 614 362 685 proditum
375 613 435 666 iure
451 614 637 670 obtinebatur.
674 615 749 669 Nam
764 620 870 683 quanto
885 617 979 685 plures

137 695 163 748 ei
175 695 237 765 regi
248 700 339 764 putas,
348 695 398 762 qui
410 694 534 748 exercitu
546 694 646 764 populi
655 695 776 748 Romani
787 697 925 765 populum
937 696 979 766 ip-

111 765 114 772 ’
138 792 199 828 sum
217 777 375 830 Romanum
395 775 577 844 oppressisset
596 775 795 843 civitatemque
816 793 874 828 non
893 777 978 829 modo

138 859 261 925 liberam,
277 860 328 911 sed
346 857 431 910 ctiam
450 857 584 926 gentibus
601 857 786 928 imperantem
804 858 906 913 servire
924 859 979 912 sibi

137 939 294 1008 coegisseti
330 941 372 992 85.
393 941 475 990 Hunc
497 943 529 991 tu
549 955 618 1006 quas
639 938 826 992 conscientiae
847 939 925 992 labes
945 939 977 991 in

137 1019 230 1070 animo
251 1034 345 1071 censes
364 1018 502 1086 habuisse,
519 1035 590 1086 quae
608 1021 739 1074 vulnerat
777 1019 864 1072 (laius
883 1024 978 1072 autem

137 1099 198 1151 vita
212 1098 268 1168 ipsi
282 1103 377 1168 potest
391 1099 469 1151 utilis
484 1115 550 1165 esse,
561 1115 624 1152 curn
639 1099 699 1152 eius
711 1099 785 1154 vitae
801 1117 833 1154 ea
848 1099 979 1152 condicio

137 1178 181 1247 sit,
191 1183 223 1230 ut
239 1178 288 1248 qui
301 1177 379 1231 illam
395 1179 527 1247 eripuerit
541 1179 571 1230 in
586 1179 709 1232 maxima
724 1184 753 1232 et
766 1179 857 1248 gratia
868 1179 979 1232 futurus
1077 1207 1078 1211 =

138 1259 174 1311 sit
196 1263 224 1312 et
245 1259 354 1328 gloriai
392 1259 477 1325 Quod
498 1259 523 1310 si
544 1259 613 1312 haee
633 1259 715 1312 utilia
736 1274 794 1312 non
816 1263 889 1328 sunt,
908 1275 979 1328 quae

137 1339 258 1392 maxime
273 1338 412 1406 videntur,
426 1338 493 1407 quia
507 1341 590 1408 plena
605 1343 670 1392 sunt
685 1338 830 1391 dedecoris
845 1355 877 1392 ac
891 1338 979 1408 turpi·

137 1419 254 1486 tudinis,
273 1419 340 1472 satis
359 1435 522 1488 persuasum
542 1435 602 1472 esse
623 1419 709 1472 debet
729 1417 802 1470 nihil
821 1434 880 1471 esse
900 1419 978 1487 utile,

137 1501 216 1567 quod
228 1516 286 1552 non
300 1500 448 1552 honestum
461 1499 505 1554 sit.

171 1581 264 1634 XXII.
302 1583 343 1634 86.
361 1581 537 1648 Quamquam
555 1579 587 1632 id
603 1579 717 1648 quidem
732 1595 796 1632 eum
812 1593 895 1648 saepe
911 1579 979 1632 alias

137 1662 198 1712 turn
210 1660 312 1728 Pyrrhi
324 1661 399 1712 bello
414 1677 430 1712 a
443 1661 472 1713 O.
483 1659 613 1712 Fabricio
626 1661 740 1712 consule
752 1660 854 1712 iterum
868 1663 897 1712 et
910 1677 927 1712 a
941 1675 980 1713 se

137 1746 206 1794 natu
225 1745 320 1794 nostro
338 1741 495 1794 iudicatum
516 1744 565 1794 est.
603 1741 674 1792 Cum
695 1740 770 1792 enim
789 1756 839 1792 rex
857 1741 980 1808 Pyrrhus

137 1821 245 1890 populo
266 1822 393 1873 Romano
414 1821 520 1874 bellum
545 1821 620 1872 ultro
641 1819 782 1872 intulisset
803 1835 922 1888 cumque
945 1821 980 1872 de

137 1901 256 1970 imperio
268 1905 409 1954 certamen
424 1905 495 1954 esset
508 1917 572 1954 cum
587 1917 653 1970 rege
667 1917 802 1970 generoso
817 1917 850 1954 ac
861 1900 979 1970 potenti,

138 1981 256 2050 perfuga
270 1981 306 2034 ab
321 1997 354 2034 eo
366 1980 445 2036 venit
459 1981 490 2032 in
506 1985 597 2034 castra
611 1981 735 2033 Fabricii
749 1981 829 2049 eique
845 1986 888 2032 cst
899 1980 981 2050 polli-

139 2061 219 2129 citae,
230 2061 254 2112 si
267 2061 422 2130 praemium
437 2061 492 2114 sibi
503 2059 702 2130 proposuisset,
713 2076 750 2128 se,
760 2066 792 2112 ut
807 2063 880 2113 clam
891 2061 980 2115 venis·

138 2146 187 2208 set,
197 2141 238 2195 sie
251 2142 323 2194 clam
334 2141 365 2193 in
376 2141 478 2210 Pyrrhi
490 2145 581 2194 castra
592 2139 747 2192 rediturum
760 2144 788 2192 et
800 2155 865 2192 eum
873 2156 980 2194 veneno

136 2227 310 2290 necaturum.
348 2225 431 2276 Hune
445 2222 591 2276 Fabricius
609 2221 801 2274 reducendum
817 2221 926 2275 curavit
943 2221 981 2274 ad

137 2303 277 2372 Pyrrhum
295 2302 383 2370 idque
405 2303 464 2356 eius
482 2302 754 2366 factumlaudatum
775 2317 792 2354 a
811 2306 909 2354 senatu
931 2306 979 2355 cst.

137 2383 228 2452 Atqui
247 2383 271 2436 si
291 2383 413 2451 speeiem
431 2382 562 2436 utilitatis
579 2381 796 2451 opinionemque
815 2381 980 2450 quaerimus,

138 2479 272 2532 magnum
287 2462 359 2516 illud
372 2464 477 2517 beilum
491 2462 610 2532 perfuga
625 2478 696 2514 unus
713 2467 741 2514 et
755 2477 870 2530 gravem
885 2461 982 2514 adver-

138 2543 241 2596 sarium
253 2543 365 2612 imperii
378 2543 543 2611 sustulisset,
552 2543 603 2596 sed
614 2558 748 2610 magnum
762 2541 883 2594 dedecus
895 2546 923 2595 et
934 2541 982 2594 fla-

138 2623 249 2692 gitium,
264 2625 378 2692 quicum
395 2623 488 2675 laudis
502 2627 642 2676 certamen
657 2622 762 2690 fuisset,
775 2639 840 2675 eum
857 2639 915 2674 non
929 2623 982 2674 vir-

138 2708 207 2772 tute,
218 2703 268 2756 sod
284 2705 385 2756 sceiere
400 2707 569 2772 superatum.
608 2705 650 2756 87.
667 2704 767 2756 Utrum
783 2702 872 2771 igitur
886 2703 982 2756 utilius

139 2785 184 2836 vcl
200 2783 339 2852 Fabricio,
359 2783 409 2852 qui
429 2783 494 2837 talis
515 2783 546 2835 in
567 2784 621 2836 hac
644 2783 712 2834 urbe
733 2783 823 2851 qualis
843 2783 982 2836 Aristides

140 2863 259 2917 Athenis
274 2863 336 2930 fuit,
346 2865 392 2918 vel
407 2863 517 2916 senatui
533 2869 636 2932 nostro,
647 2863 697 2930 qui
710 2879 864 2932 numquam
879 2863 982 2915 utilita-

140 2949 196 2997 tem
214 2961 232 2997 a
247 2944 388 3014 dignitate
407 2943 537 3010 seiunxit,
551 2943 635 2996 armis
651 2959 715 2994 eum
730 2943 810 2995 hoste
825 2947 928 2994 certare
946 2957 981 2991 an

142 3025 273 3079 venenisi
311 3025 340 3078 si
352 3024 458 3093 gloriae
472 3039 555 3076 eausa
566 3023 715 3092 imperium
728 3022 916 3090 expetendum
931 3024 980 3086 est,

142 3107 230 3159 scelus
249 3104 330 3173 absit,
343 3105 373 3156 in
388 3120 445 3172 quo
463 3120 520 3156 non
538 3107 632 3172 potest
651 3120 709 3154 esse
727 3100 830 3170 gloria:
849 3099 892 3151 sin
905 3099 980 3166 ipsae
