2256 3448
143 139 189 186 190
445 133 495 184 DE
512 131 675 184 omens,

138 223 259 274 beamus
285 218 394 288 aliquid
418 217 566 286 voluptati,
588 215 762 269 condimenti
785 215 900 271 fortasse
923 232 982 271 non

141 301 221 369 nihil,
234 300 365 354 utilitatis
383 303 457 352 certe
475 297 547 352 nihil
566 297 689 352 habebit.

179 384 237 436 121.
257 381 352 434 Habes
376 395 393 430 a
416 382 496 448 patro
520 394 628 446 munus,
650 378 743 430 Marce
766 377 815 447 fili,
837 395 899 434 mea
923 382 983 450 qui-

139 464 208 516 dem
222 459 360 514 sententia
374 475 515 528 magnum,
525 459 576 513 sed
587 457 703 528 perinde
719 457 779 525 erit,
789 461 822 512 ut
835 463 982 532 acceperis.

139 545 317 610 ¹Quamquam
335 539 367 592 hi
384 539 438 592 tibi
456 543 511 591 tres
528 538 594 592 libri
611 538 685 591 inter
699 539 829 610 Cratippi
846 555 983 598 commen-

142 624 229 678 tarios
246 628 390 691 tamquam
408 621 533 690 hospites
553 623 635 674 erunt
652 621 816 693 reeipiendi,
832 627 889 695 scd,
904 632 944 696 ut,
960 628 984 680 si

142 705 202 774 ipse
223 703 361 756 venissem
381 703 514 771 Athenas,
534 703 612 772 quod
636 703 751 772 quidem
777 703 848 760 esset
869 708 983 776 factum,

142 785 197 840 nisi
211 801 255 838 mc
268 802 283 840 e
295 786 389 840 medio
402 803 485 842 cursu
496 791 571 842 clara
579 805 648 842 voce
660 791 752 860 patria
764 793 927 858 revocasset,
935 789 984 842 ali-

143 869 258 937 quando
275 885 320 922 me
335 885 448 938 quoque
466 869 585 937 audires,
599 871 647 939 sio,
659 871 793 938 quoniam
807 871 852 922 his
867 868 985 922 volumi-

143 949 226 1002 nibus
241 950 279 1002 ad
290 953 319 1002 te
333 949 458 1018 profecta
470 965 527 1002 vox
541 954 583 1003 est
594 966 664 1020 mea,
673 951 780 1016 tribues
793 949 838 1002 his
850 949 985 1018 temporis

142 1033 280 1096 quantum
291 1028 405 1098 poteris,
415 1030 521 1098 poteris
536 1035 630 1084 autem
642 1037 780 1100 quantum
791 1031 875 1083 voles.
913 1029 985 1082 Cum

143 1125 208 1162 vero
223 1109 387 1164 intellexero
402 1116 431 1166 te
446 1113 501 1166 hoc
519 1113 651 1166 scientiae
665 1128 766 1182 genere
780 1111 986 1181 ponderatum

144 1197 173 1244 et
184 1204 314 1260 praesens
327 1196 420 1246 tecum
431 1194 604 1264 propediem,
612 1198 645 1246 ut
657 1201 745 1263 spero,
756 1197 792 1262 et,
803 1193 871 1245 dum
886 1190 985 1259 aberis,

143 1274 245 1328 absens
264 1276 371 1343 loquar.
389 1293 392 1298 ·
407 1276 478 1330 Vale
499 1275 593 1345 igitur,
613 1272 652 1328 mi
670 1274 775 1341 Cicero,
795 1273 904 1341 tibique
924 1288 985 1341 per-

144 1357 233 1411 suade
245 1371 303 1410 esee
315 1359 344 1408 te
357 1355 472 1424 quidem
484 1355 555 1407 milri
568 1351 748 1420 carissimum,
762 1355 813 1406 sed
824 1353 913 1405 multo
925 1351 985 1404 sore

144 1435 287 1506 cariorem,
303 1435 328 1488 si
345 1435 449 1489 talibus
467 1434 654 1492 monumentis
671 1433 882 1504 praeceptisque
901 1433 985 1485 laeta·

145 1517 219 1572 bere.
