2272 3442
323 154 413 202 CATO
430 153 561 202 Macen.
597 153 675 202 onP.
693 152 771 203 VIII.
790 151 840 201 IX.
993 159 1007 202 9

242 237 306 284 Tum
317 235 429 298 equidem
441 236 464 282 in
478 241 577 284 senecta
588 235 634 282 hoe
646 235 738 298 deputo
750 232 921 292 miserrimum,

243 301 343 363 Sentire
351 317 379 348 ca
390 306 471 348 aetate
483 316 534 348 esse
546 316 571 348 se
583 300 785 347 odiosum'alteri.

162 389 203 438 26.
222 383 379 436 Iucundum
393 383 483 452 potius
499 399 580 450 quam
595 383 725 437 odiosum.
763 383 802 436 Ut
814 383 887 436 enlm
904 381 1008 436 adoles-

162 459 285 520 centibus
306 459 377 512 bona
395 459 486 512 indole
507 458 640 526 praeditis
661 459 798 527 sapientes
823 475 901 511 senes
921 458 1008 511 delec-

162 537 263 600 tantur,
276 523 416 602 leviorque
429 534 461 587 fit
473 550 566 586 eorum
584 537 708 587 senectus
721 534 768 601 qui
779 533 950 601 ajuventute
967 550 1008 586 co-

116 673 118 677 ,
162 609 255 663 luntur
270 613 299 664 et
315 610 473 676 diliguntur,
492 610 530 662 sic
544 609 730 662 adolescentes
745 625 839 662 senum
855 609 1007 677 praeceptis

161 685 282 753 gaudent
306 685 405 753 quibus
428 685 464 738 ad
487 685 619 742 virtutum
644 685 735 738 studia
759 685 903 738 ducuntur.
948 685 1007 738 Nec

162 762 250 814 ruirms
264 761 386 828 intelligo
400 759 531 814 merobis
546 775 627 828 quam
642 759 709 812 mihi
725 777 772 813 ves
789 777 848 814 esse
862 757 1005 828 jucundos.

162 836 218 889 Sed
228 835 329 890 videtis
342 839 374 890 ut
388 839 513 890 senectus
531 851 584 888 non
600 836 681 888 modo
693 835 821 904 languida
833 839 917 903 atque
931 835 1006 888 iners

161 928 213 964 mm
226 913 269 978 sit,
279 913 464 966 verumetiam
477 911 513 966 sit
525 928 637 980 operosa
650 916 678 966 et
691 929 799 982 semper
807 927 891 979 agens
902 911 1006 980 aliquid

161 993 190 1040 ct
202 989 323 1054 moliens,
335 989 391 1042 tale
403 988 506 1042 scilicet
518 988 598 1056 quale
611 988 876 1058 cujusquostudium
888 987 916 1040 iu
928 1004 1006 1056 supe

162 1065 233 1116 riore
248 1065 305 1118 vita
320 1064 378 1118 luit.
416 1063 495 1130 Quid,
512 1065 558 1132 qui
574 1064 657 1118 etiam
675 1057 820 1118 addiscunt
836 1063 957 1132 aliquidl
974 1068 1006 1118 ut

161 1139 286 1192 Solonem
304 1139 426 1193 versibus
443 1139 603 1205 gloriantem
618 1141 749 1206 videmus,
769 1140 816 1208 qui
835 1157 865 1193 se
883 1139 1005 1208 quotidie

163 1215 267 1282 aliquid
285 1215 472 1269 addiscentem
491 1215 557 1268 dicit
576 1232 666 1268 senem
685 1215 943 1284 nenautego-feci
958 1216 1003 1282 qui

161 1291 277 1344 Graecas
301 1291 410 1344 litteras
433 1307 515 1342 senex
534 1290 625 1355 didici,
646 1307 713 1358 quas
733 1291 844 1359 quidem
869 1289 1004 1343 sicavide

158 1365 268 1433 arripui,
290 1365 367 1432 quasi
386 1365 540 1416 diuturnam
560 1365 633 1416 sitim
651 1366 764 1438 *explerse
783 1366 901 1432 cupiens,
920 1368 1003 1418 ut'ea

160 1441 218 1507 ipsa
230 1439 296 1492 mihi
308 1443 373 1493 nota
384 1445 476 1492 essent
488 1439 586 1506 quibus
598 1456 642 1492 me
654 1456 725 1492 nunc
737 1439 867 1507 exemplis
878 1439 919 1492 uti
931 1439 1004 1492 vide

160 1515 203 1568 tis.
240 1513 319 1579 Quod
337 1531 420 1583 quum
438 1514 534 1568 fecisse
553 1515 692 1568 Socratem
710 1515 737 1567 in
756 1514 855 1568 fidibus
873 1513 1003 1579 audirem,

160 1591 256 1644 vellem
268 1591 396 1660 equidem
409 1591 492 1644 etiam
508 1590 583 1657 illud,
597 1591 738 1644 discebant
753 1589 825 1644 enim
842 1588 942 1642 fidibus
958 1607 1004 1662 an-

64 1729 67 1734 ¹
159 1667 237 1735 tiqui,
250 1667 300 1721 sed
311 1666 451 1720 inlitteris
463 1671 539 1720 certe
552 1666 694 1719 elaboravi.

213 1743 262 1796 IX.
294 1746 334 1800 27.
365 1741 424 1796 Nee
442 1759 512 1794 nune
532 1741 642 1808 quidem
662 1743 733 1795 vires
748 1741 881 1795 'desidero
900 1740 1003 1794 adoles-

160 1819 254 1885 centis,
268 1819 291 1871 is
304 1817 375 1872 enim
388 1821 448 1871 erat
462 1818 535 1870 locus
551 1817 622 1870 alter
639 1817 674 1870 de
690 1817 764 1870 vitiis
780 1817 937 1882 senectutis,
949 1833 1002 1869 non

159 1894 220 1962 plus
237 1910 318 1962 quam
332 1893 489 1948 adolescens
503 1893 576 1946 tauri
593 1897 640 1946 aut
655 1893 791 1961 elephanti
807 1891 1002 1945 desiderabam.

61 1995 65 2002 ·
161 1969 239 2034 Quod
264 1973 307 2024 est
326 1986 358 2023 eo
377 1969 457 2022 decet
476 1970 524 2037 uti,
550 1972 579 2022 et
599 1968 734 2037 quidquid
758 1984 823 2035 agas
847 1983 929 2034 agere
953 1983 1003 2034 pro

160 2047 269 2100 viribus.
306 2047 380 2110 Quae
393 2045 465 2099 enim
477 2049 528 2098 vox
544 2048 636 2113 potest
653 2061 712 2096 esse
727 2043 909 2111 contemptior
922 2059 1003 2110 quam

160 2121 269 2175 Milonis
282 2122 471 2176 Crotoniatael
489 2121 543 2188 qui,
557 2137 640 2187 quum
654 2120 712 2186 ‚jam
730 2133 815 2175 senex
831 2121 904 2171 esset
919 2117 1004 2171 athle

160 2202 257 2264 basque
281 2214 310 2250 se
333 2200 492 2249 exercentes
512 2196 540 2246 in
560 2195 692 2247 curriculo
713 2195 826 2261 videret,
847 2193 1003 2261 adspexisse

160 2272 276 2324 lacertos
290 2287 352 2324 suos
364 2271 464 2322 dicitur
479 2270 695 2337 illacrimansque
707 2270 824 2324 dixisse:
851 2271 891 2322 At
907 2269 934 2320 hi
947 2269 1004 2336 qui-

160 2347 223 2400 dem
235 2345 335 2398 mortui
342 2345 402 2412 jam
415 2349 486 2398 sunt.
520 2345 582 2397 Non
594 2362 658 2398 vero
670 2351 727 2399 tam
739 2345 785 2397 isti
799 2357 881 2413 quam
894 2347 926 2396 tu
938 2344 1003 2412 ipse,

159 2425 290 2490 nugator;
307 2437 396 2489 neque
411 2421 483 2474 enim
497 2437 532 2474 ex
547 2424 577 2474 te
593 2437 712 2488 unquam
733 2437 762 2474 es
778 2419 938 2472 nobilitatus
955 2421 1004 2472 sed

158 2517 192 2554 ex
212 2497 344 2552 lateribus
363 2499 393 2550 et
413 2496 523 2550 lacertis
541 2497 603 2551 tuis.
625 2495 721 2548 :Nihil
743 2495 804 2550 Sex.
826 2495 922 2548 Aelius
942 2495 1004 2563 tale,

158 2576 224 2629 nihil
243 2573 335 2628 inultis
354 2573 431 2626 annis
450 2577 514 2627 erite
530 2573 569 2626 Τί.
584 2572 773 2639 Coruncanius,
790 2571 858 2624 nihil
874 2571 955 2624 modo
973 2571 1003 2625 Ρ.

159 2651 278 2718 Crassus,
291 2666 308 2704 a
319 2649 419 2718 quibus
428 2649 493 2716 J'ura
502 2647 605 2702 civibus
617 2647 880 2716 praescribebantur,
888 2659 1003 2716 quorum

158 2743 244 2794 usquo
263 2725 299 2778 ad
318 2728 471 2778 extremuni
491 2723 616 2792 spiritum
637 2726 680 2776 est
700 2729 828 2791 provecta
849 2723 1003 2792 prudentia.

159 2807 199 2856 28.
227 2800 327 2854 Orator
350 2803 443 2853 metuo
462 2816 497 2852 ne
520 2799 678 2866 languescat
698 2802 844 2866 senectute,
866 2804 908 2853 est
931 2799 1004 2852 enim

158 2881 255 2929 ieiunus
269 2875 329 2943 ejus
344 2892 397 2928 uon
413 2875 515 2942 ingenii
532 2875 618 2926 solum
634 2874 683 2927 sed
699 2875 815 2928 laterum
830 2877 912 2928 etiam
925 2879 955 2929 et
966 2874 1004 2926 vi-

158 2951 235 3005 rium.
273 2952 389 3005 Omnino
401 2967 530 3004 canorum
544 2949 612 3002 illud
626 2949 654 3001 in
667 2965 732 3002 voce
745 2951 909 3018 splendescit
921 2950 1005 3003 etiam

158 3027 248 3079 nescio
260 3044 314 3094 quo
325 3029 405 3094 paeto
417 3026 445 3078 in
458 3027 606 3091 senectute,
619 3024 693 3092 quod
709 3025 836 3093 equidem
851 3025 939 3076 adhue
951 3040 1004 3076 non

159 3099 244 3166 aluisi,
261 3105 290 3154 et
304 3101 404 3155 vidctis
420 3117 513 3154 aureos.
550 3099 606 3152 Sed
625 3104 718 3152 tamen
737 3099 851 3150 decorus
870 3102 913 3150 cst
933 3098 1005 3150 senis

160 3182 252 3230 sermo
263 3176 371 3247 quietus
389 3179 418 3231 et
435 3176 573 3241 remissus,
591 3174 712 3242 facitque
729 3188 860 3241 persaepe
876 3173 936 3240 ipsa
954 3170 1005 3224 sibi
