2272 3442
127 97 141 142 ’6
305 127 307 130 -
354 94 391 142 Μ.
410 91 538 141 TULLII
556 91 746 140 CICERONIS

126 175 211 226 retur.
250 178 289 226 15.
317 171 434 238 Etenim,
449 187 533 238 quum
545 171 714 238 contemplor
731 171 827 238 animo,
841 174 972 240 quattuor

127 247 234 314 reperio
258 263 353 300 causas
376 263 424 300 cur
448 249 573 300 senectus
592 247 692 299 nrisera
715 246 855 302 videatur:
882 265 971 314 unam,

128 322 202 388 quod
220 325 315 375 avocet
334 338 351 374 a
368 321 451 375 rebus
474 323 616 390 gerendis3
640 323 761 390 alteram,
782 323 856 391 quod
874 341 972 392 cerpus

127 398 209 450 faciat
222 397 356 450 infirmius
364 418 370 462 ;
388 398 507 465 tertiam,
520 399 594 465 quod
608 399 697 466 privet
713 398 838 450 omnibus
853 399 912 452 fere
925 417 970 454 vo

127 473 292 542 luptatibus;
311 477 444 542 quartam,
458 475 533 542 quod
549 473 623 527 haud
641 475 734 542 procul
752 475 824 528 absit
841 493 858 528 a
875 479 970 531 morte.

128 549 237 616 Earum,
255 550 278 602 si
295 549 392 617 placet,
410 567 551 603 causarum
570 554 672 618 quanta
689 567 825 618 quamque
843 551 880 604 sit
893 551 971 619 justa

127 641 306 694 unaquaeque
318 625 465 682 videamus.
844 673 848 682 .

179 701 230 756 Vl.
259 704 286 755 A
298 701 380 756 rebus
392 702 520 769 gerendis
532 705 658 756 senectus
670 701 812 756 abstrahit.
849 702 970 766 Quibusl

156 793 174 828 n
189 777 222 830 iis
238 795 309 846 quae
321 778 469 845 juventute
486 781 620 846 geruntur
638 781 667 830 et
680 777 801 832 viribusl
838 777 970 832 Nullasne

127 852 211 920 igitur
225 870 269 906 res
286 857 350 906 sunt
364 853 462 906 seniles
475 870 545 921 quae
556 853 600 906 vel
613 853 728 906 infirmis
742 853 899 922 corporibus
914 855 970 906 ani·

128 945 171 980 mo
183 931 275 980 tamen
287 928 526 982 administrenturl
562 929 636 981 Nihil
651 945 715 996 crgo
728 929 827 996 agebat
840 929 871 992 Q.
885 929 971 981 Maxi-

127 1020 197 1057 mus,
212 1003 288 1058 Nihil
307 1004 336 1058 L.
351 1003 468 1070 Paulina,
484 1009 564 1072 pater
581 1009 652 1071 tuus,
670 1005 764 1072 Scipio,
783 1022 859 1058 socer
875 1004 970 1071 optimi

127 1079 184 1144 uiri,
196 1079 245 1132 filii
257 1079 319 1133 mei.
364 1079 456 1132 Ceteri
471 1097 555 1148 eones,
569 1080 693 1146 Fabricii,
708 1081 790 1146 Uarii,
803 1078 978 1146 Coruncanii,

127 1171 211 1223 quum
223 1171 282 1208 rem
294 1154 430 1222 publicam
439 1155 549 1208 consilio
562 1160 590 1209 et
602 1155 765 1209 auctoritate
777 1155 969 1220 defendebant,

127 1229 194 1282 nihil
205 1229 330 1298 agebant.
375 1237 413 1285 16.
440 1230 486 1284 Ad
499 1231 583 1300 Appii
596 1231 703 1284 claudii
715 1235 884 1284 senectutem
896 1247 977 1284 acce«v

127 1305 212 1360 debat
225 1306 308 1360 etiam
324 1309 356 1360 ut
370 1323 464 1360 caecus
479 1313 566 1372 esset;
583 1312 675 1361 tamen
690 1308 722 1374 is,
737 1324 820 1376 quum
835 1307 971 1360 sententia

127 1382 244 1436 Senatus
255 1383 398 1436 inclinaret
409 1383 445 1436 ad
456 1399 550 1452 pacem
562 1400 623 1436 cum
634 1383 737 1448 Pyrrhe
746 1383 897 1450 foedusque
908 1382 970 1434 faci-

60 1499 64 1506 .
126 1459 235 1526 endum,
254 1476 307 1512 non
326 1459 462 1512 dubitavit
480 1460 571 1512 dicere
589 1459 636 1511 illa
654 1475 723 1527 quae
739 1458 863 1510 versibus
881 1474 971 1525 perse

126 1537 205 1588 cutus
217 1538 261 1588 cst
273 1535 388 1588 Ennius:
432 1527 437 1536 ⁵

223 1617 277 1674 Quo
289 1617 359 1664 vohis
371 1622 472 1674 mentes,
487 1622 567 1664 rectae
578 1632 641 1677 quae
653 1620 717 1662 stare
729 1615 840 1663 solebant

222 1682 345 1738 Antehac,
360 1680 485 1728 dementes
496 1697 548 1727 sese
559 1681 647 1726 flexere
658 1681 722 1727 viail

125 1768 271 1833 ceteraque
282 1765 452 1832 gravissime:
471 1769 565 1817 notum
578 1764 649 1816 enim
659 1763 735 1816 vobis
747 1781 855 1818 carmen
867 1768 924 1830 est3
940 1769 970 1819 et
1045 1822 1046 1826 ,
1113 1807 1114 1812 ¹

126 1843 217 1893 tamen
235 1840 318 1908 ipsius
332 1840 416 1908 Appii
430 1843 507 1892 extat
521 1840 614 1893 oratio.
652 1843 746 1908 Atque
765 1841 831 1894 haec
848 1841 893 1893 ille
911 1841 970 1907 egit

126 1919 231 1982 septem
246 1919 275 1968 et
288 1915 383 1968 decem
397 1915 475 1968 aunis
490 1919 553 1984 po'st
567 1916 683 1968 alterum
696 1917 872 1984 consulatum,
885 1933 969 1984 quum

125 1992 198 2044 inter
215 1991 283 2043 duos
299 1992 454 2045 consulatus
468 1991 531 2044 anni
546 1991 640 2044 decem
657 1991 850 2057 interfuissent,
864 2008 970 2045 censor-

126 2084 179 2134 que
194 2070 258 2119 ante
276 2067 443 2134 superiorem
458 2067 627 2121 consulatum
642 2068 754 2134 fuisset3
771 2085 805 2122 cx
822 2085 876 2137 quo
891 2068 969 2121 intel-

125 2143 219 2210 ligitur
233 2143 329 2210 Pyrrhi
341 2143 413 2196 bello
424 2143 554 2212 grandem
568 2160 632 2197 sane
644 2144 741 2198 fuisse:
759 2149 787 2198 et
799 2148 891 2198 tamen
905 2145 970 2197 sica

125 2218 250 2286 patribus
262 2219 421 2287 accepimus,
460 2224 498 2277 17.
528 2220 602 2272 Nihil
614 2221 699 2288 igitur
710 2221 827 2274 afferunt
839 2222 887 2289 qui
899 2221 926 2273 in
939 2237 981 2288 re,

124 2295 244 2362 gerenda
256 2296 358 2349 versari
373 2300 542 2350 senectutem
555 2301 672 2364 negant;
691 2298 845 2365 similesque
861 2300 924 2350 sunt
937 2299 982 2350 ut·

124 2371 147 2424 si
166 2371 214 2440 qui
232 2371 442 2439 gubernatorem
464 2373 491 2425 in
511 2373 662 2440 navigando
681 2373 748 2424 nihil
769 2389 850 2439 agere
869 2372 968 2435 dicant,

124 2463 209 2514 quum
229 2447 274 2500 alii
295 2449 379 2500 malos
400 2449 538 2514 scandant,
558 2448 604 2500 alii
622 2463 673 2514 per
694 2447 767 2498 foros
786 2450 904 2513 cursent,
923 2445 969 2498 alii

124 2522 259 2576 sentinam
271 2523 441 2588 exhauriant,
451 2523 497 2575 illo
521 2526 612 2575 autem
634 2523 738 2574 clavum
751 2525 848 2574 tenens
861 2521 969 2589 quietus

124 2597 219 2650 sedeat
233 2596 261 2649 in
273 2598 364 2664 puppi.
402 2598 425 2648 N
429 2614 462 2648 on
480 2597 546 2649 facit
562 2613 678 2664 eaquae
691 2596 814 2664 juvenes.
853 2599 893 2648 At
905 2613 969 2649 vero

124 2672 210 2725 multo
223 2677 328 2740 majora
343 2677 371 2726 ct
386 2672 497 2724 meliore
508 2671 579 2725 facit.
616 2672 641 2723 N
644 2688 678 2724 on
691 2671 794 2724 viribus
809 2675 856 2724 aut
872 2671 969 2724 veloci-

123 2747 227 2800 tatibus
246 2751 294 2801 aut
313 2747 455 2801 eeleritate
473 2763 614 2814 corporum
633 2762 677 2800 res
696 2763 811 2814 inagnae
829 2753 968 2814 geruntur,

124 2822 173 2875 scd
193 2822 314 2890 consilio,
331 2823 502 2890 auctoritate,
522 2824 673 2888 senteutia3
699 2823 799 2890 quibus
816 2831 870 2875 nori
888 2821 969 2875 modo

124 2915 177 2952 non
191 2897 290 2966 orbari,
305 2899 354 2952 sed
372 2900 454 2952 ctiam
473 2899 566 2966 augeri
585 2903 711 2968 senectus
728 2899 804 2953 solet.
843 2905 881 2952 18.
909 2899 969 2954 Nisi

123 2975 258 3042 forteego
273 2975 356 3042 vobis,
372 2975 418 3043 qui
434 2978 463 3028 et
481 2975 559 3027 miles
576 2977 605 3027 et
623 2975 749 3028 tribunus
768 2979 797 3028 et
815 2975 921 3043 legatus
941 2978 968 3028 ct

122 3049 214 3104 consul
228 3054 353 3104 vorsatus
371 3067 430 3102 sum
448 3051 476 3103 in
493 3050 568 3103 varie
585 3067 687 3117 genere
704 3050 845 3118 bellorum,
864 3065 969 3105 cessare

122 3140 193 3178 nunc
212 3125 307 3179 videor
325 3143 410 3196 quum
429 3125 502 3178 bella
516 3143 573 3178 -aon
593 3143 665 3193 gero.
704 3128 879 3181 Athenaei
899 3143 968 3196 qaae
