2272 3442
348 147 439 196 CATO
457 147 589 196 MAJOR.
625 147 702 195 OAP.
721 145 788 192 XII.
963 147 992 194 13

141 245 251 298 cunque
267 227 378 282 defendi
393 245 463 282 nune
482 245 565 296 quum
582 227 699 281 maxime
713 227 824 280 conficio
842 227 991 282 orationes:

139 305 188 372 jus
206 305 356 373 augurium,
368 305 544 373 pontificium,
562 305 641 358 civile
658 307 760 358 tracto:
779 303 895 357 multum
909 305 993 358 etiam

142 381 256 436 Graecis
277 381 475 446 litterisutor,
501 380 788 448 Pythagoreorumque
817 396 892 433 more
916 397 993 434 exer-

142 457 247 510 cendae
270 457 417 510 memoriae
444 458 541 524 gratia,
566 455 633 524 quid
659 473 767 524 quoque
797 454 993 519 die-dixerim,

142 532 284 600 audierim,
298 523 408 600 egerim,
421 549 601 587 commemoro
613 533 725 599 vesperi.
763 532 825 584 Hae
842 535 905 584 sunt
917 549 993 585 exer-

142 608 287 661 citationes
303 609 411 676 ingenii,
430 608 498 661 haee
517 607 650 660 curricula
671 607 782 660 mentis}
804 607 832 659 in
852 607 894 660 his
913 609 993 662 desu-

143 684 213 736 dans
234 688 316 752 atque
335 683 477 737 elaborans
485 683 624 772 eorporis
629 683 700 736 vires
722 699 775 736 non
791 700 889 750 magno
909 699 992 752 opere

143 759 277 813 desidero.
314 761 421 814 Adsum
439 761 546 813 amieis:
564 759 642 812 venio
662 759 691 812 in
712 759 795 813 Senat
783 764 841 813 tum
863 760 992 828 frequens

144 835 185 888 ult
173 839 271 904 troque
294 835 377 888 allero
400 853 445 888 res
468 835 538 888 mult
526 839 584 888 tum
610 839 638 888 et
626 835 709 888 tdiu
731 836 870 903 cogitatae,
892 851 992 912 easque

143 915 223 964 tueor
245 910 327 963 animi
350 927 404 963 non
429 911 548 978 eorporis
573 911 683 963 viribus.
733 911 808 974 Quae
832 911 855 964 si
880 913 992 980 exsequi

141 989 292 1056 nequirem,
310 990 403 1040 tamen
419 1004 463 1040 me
480 987 596 1039 lectulus
615 987 765 1040 oblectaret
784 1004 861 1041 meus
880 1004 912 1041 ea
933 989 992 1056 ipsa

143 1065 310 1131 cogitantem
323 1076 393 1131 quae
408 1064 466 1131 jam¹
479 1079 561 1130 agere
578 1079 632 1114 non
644 1079 766 1132 possem;
785 1066 834 1117 sed
846 1067 878 1118 ut
889 1065 989 1132 possim

142 1140 209 1193 faeit
226 1144 287 1192 aeta
304 1139 369 1193 vita.
406 1139 519 1207 Semper
532 1139 604 1192 euim
622 1139 649 1191 in
667 1139 709 1192 his
726 1141 825 1194 studiis
842 1139 989 1194 laboribus

143 1232 197 1283 quc
213 1215 313 1269 viventi
334 1233 387 1268 non
407 1215 570 1283 intelligitur
592 1216 699 1284 quaudo
721 1217 836 1284 obrepat
855 1219 989 1270 senectus.

145 1291 190 1344 Ita
207 1292 306 1344 sensim
319 1291 377 1344 sine
390 1309 470 1344 sensu
483 1295 559 1344 aetas
572 1293 701 1358 senescit3
719 1307 769 1346 nee
786 1292 877 1345 subito
889 1292 991 1359 frangi-

142 1368 195 1431 tur,
208 1367 257 1420 sed
269 1367 450 1420 diuturnitate
465 1366 642 1432 extinguitur.

195 1442 263 1498 XII.
289 1449 328 1497 39.
347 1442 477 1510 Sequitur
488 1443 571 1494 tertia
580 1441 743 1509 vituperatio
756 1443 905 1495 senectutis
917 1442 990 1508 quod

142 1534 204 1571 eam
222 1535 314 1572 unere
331 1519 425 1572 dieunt
439 1515 633 1586 voluptatibus.
670 1515 692 1568 O
706 1515 874 1584 praeclarum
892 1533 989 1570 munus

140 1595 248 1662 acatis,
267 1595 290 1648 si
309 1594 419 1663 quidem
436 1595 465 1646 id
484 1593 574 1646 aufert
590 1592 668 1644 nobis
687 1591 761 1660 quod
779 1595 821 1645 est
839 1592 867 1643 in
886 1592 989 1646 adoles

142 1671 231 1724 centia
254 1671 469 1724 vitiosissimum!
512 1669 638 1736 Accipite
662 1669 740 1729 enim,
765 1667 861 1735 optimi
885 1668 989 1721 adoles-

142 1749 241 1811 centes,
259 1750 381 1800 veterem
402 1745 553 1798 orationem
573 1744 712 1812 Archytae
733 1744 878 1812 Tarentini,
898 1746 988 1812 magni

142 1822 169 1873 in
181 1823 274 1890 primis
287 1827 316 1876 et
328 1822 460 1891 praeclari
479 1821 536 1885 viri,
556 1837 625 1888 quae
644 1820 710 1872 mihi
728 1819 834 1872 tradita
848 1824 890 1874 cst
905 1839 988 1890 quum
1056 1887 1058 1892 Δ

142 1913 229 1950 essem
249 1899 406 1952 adolescens
428 1897 538 1950 Tarenti
559 1913 621 1948 curn
645 1896 677 1959 Q.
699 1896 832 1951 Maximo:
856 1897 987 1949 “Nullam

90 2028 94 2036 ,
141 1973 326 2041 capitaliorem
337 1977 444 2042 pestem
460 1989 540 2042 quam
558 1973 678 2040 corporis
694 1972 862 2040 voluptatem
876 1972 988 2024 homini-

140 2047 192 2101 bus
211 2049 321 2103 dicebat
345 2067 361 2118 a
383 2053 482 2104 natura
501 2049 602 2117 datam,
623 2049 701 2116 cujus
722 2048 868 2115 voluptatis
893 2047 988 2101 avidae

141 2124 267 2192 libidines
278 2113 384 2178 temere
395 2129 424 2179 et
437 2127 567 2180 effrenate
580 2125 616 2178 ad
628 2123 789 2192 potiundam
803 2123 987 2177 ineitrrentur.

141 2207 181 2253 40.
207 2201 279 2252 Hinc
298 2202 404 2268 patriae
424 2201 599 2270 proditiones,
623 2201 685 2255 hinc
706 2216 798 2252 rerum
820 2199 988 2266 publicarum

141 2276 302 2341 eversiones,
327 2275 389 2328 hine
416 2293 477 2329 eum
505 2277 631 2329 hostibus
661 2275 828 2328 clandestina
856 2275 988 2342 colloquia

141 2350 227 2415 nasei;
254 2350 355 2403 nullum
374 2350 493 2420 denique
517 2351 612 2417 scelus,
636 2351 739 2403 nullum
764 2350 865 2402 malum
883 2351 988 2403 facinus

142 2443 207 2492 csse,
220 2427 256 2480 ad
269 2427 343 2496 quod
354 2428 555 2496 suscipiendum
567 2444 621 2479 non
638 2427 722 2479 libido
734 2425 882 2494 voluptatis
893 2426 988 2494 impel-

141 2503 225 2568 leret;
244 2506 340 2572 stupra
356 2519 421 2556 vero
439 2507 468 2558 et
486 2502 622 2557 adulteria
640 2507 669 2558 et
687 2519 766 2555 omne
784 2502 839 2555 tale
855 2501 987 2569 flagitium

140 2579 219 2631 nullis
231 2578 345 2633 excitari
361 2579 420 2632 aliis
438 2579 574 2634 illecebris
586 2579 638 2632 nisi
651 2577 805 2647 voluptatis.
843 2577 987 2646 Quumque

140 2653 241 2708 homini
257 2655 315 2708 sive
330 2658 429 2708 natura
446 2657 502 2710 sive
520 2657 581 2724 quis
600 2656 668 2709 deus
684 2655 751 2708 nihil
764 2656 857 2707 mente
868 2657 988 2720 praesta
1069 2699 1070 2702 ,

140 2729 220 2783 bilius
239 2730 370 2798 dedisset,
389 2730 453 2784 huie
468 2733 559 2785 divino
579 2733 684 2785 muneri
703 2748 734 2784 ac
753 2731 823 2783 dono
841 2729 909 2782 nihil
927 2746 987 2782 esse

140 2808 195 2858 tam
207 2806 347 2860 inimicum
360 2822 441 2874 quam
453 2807 630 2876 voluptatem.
661 2814 701 2862 41.
720 2808 746 2860 N
748 2823 778 2860 ee
790 2807 862 2860 enim
875 2805 988 2859 libidine

141 2880 296 2935 dominante
314 2883 513 2948 temperantiae
529 2884 617 2936 locum
640 2899 706 2950 esse,
726 2899 816 2951 neque
834 2882 942 2934 omnino
960 2882 988 2934 in

140 2955 285 3042 voluptatis
302 2973 387 3023 regno
405 2957 477 3010 virtu
479 2961 534 3011 tem
552 2959 804 3026 posseeonsistere.
842 2958 987 3025 Quodque

12 3089 21 3102 .
62 3091 86 3110 ‚-
141 3031 355 3098 magisintelligi
367 3037 467 3100 posset,
482 3030 686 3102 fingereanimo
701 3034 819 3102 jubebat
808 3033 987 3088 ttantaiuci-

87 3102 109 3127 “
141 3107 227 3156 tatium
240 3106 358 3175 aliquem
370 3107 482 3176 volup
466 3111 648 3178 atecorporis
666 3114 769 3177 quanta
780 3126 883 3178 percipi
875 3109 987 3184 posset

141 3179 271 3240 marinna:
297 3181 398 3234 neruini
419 3185 548 3238 censebat
565 3186 623 3239 fore
642 3184 756 3238 dubium
782 3184 847 3253 quin
873 3175 986 3247 tamdiu,
