2256 3448
242 174 312 224 mn.
329 174 392 236 rm,
409 173 488 224 cnr.
504 171 740 235 xxm-xxxa„
756 173 771 234 s
787 176 909 224 roa-114.
951 163 1000 226 rs'v
1054 199 1057 206 .

156 258 264 328 aliquid
279 261 378 310 contra
395 260 503 326 patrem
521 257 711 325 arbitraretur,
724 257 844 310 surrexit
861 273 877 310 e
894 257 999 311 lectulo

156 339 327 407 remotisque
346 337 458 391 arbitris
476 338 557 390 adse
576 338 784 390 adolescentem
801 337 884 391 iussit
896 338 998 393 venire.

155 420 196 473 At
208 419 264 486 illc,
274 423 306 471 ut
321 418 463 488 ingressus
479 420 528 486 est,
542 417 690 470 confestim
705 417 834 486 gladium
849 417 1000 471 destrinxit

155 499 315 566 iuravitque
334 515 363 550 se
381 497 462 550 illum
481 497 577 550 statim
595 496 814 564 interfecturum,
828 497 883 551 nisi
897 498 940 550 ius
958 498 1000 550 iu·

155 580 274 632 randum
287 578 342 631 sibi
354 577 478 630 dedisset
490 593 520 630 se
531 581 640 646 patrem
652 576 767 630 missum
782 593 840 631 esse
852 578 999 633 factumm.

155 659 262 713 Iuravit
273 659 328 712 hoc
339 662 444 711 terrore
456 662 570 710 coactus
582 657 769 727 Pomponius:
788 674 846 711 rem
861 659 899 712 ad
910 675 1000 730 popu-

156 741 214 792 lum
229 739 340 807 detulit,
350 738 449 792 docuit
461 753 511 791 cur
525 737 580 791 sibi
594 753 677 792 causa
689 737 821 791 desistere
835 754 945 792 necesse
960 739 999 792 esi
1079 783 1088 804 ,

156 825 206 887 set,
219 819 357 872 Manlium
366 817 490 886 ‘missum
504 816 579 872 fecit.
616 818 739 870 Tantum
753 817 926 888 temporibus
943 819 1000 872 illis

155 899 200 952 ius
217 899 368 952 iurandum
382 899 502 952 valebat.
539 898 634 966 Atque
652 897 700 951 hic
717 899 749 952 T.
762 898 885 952 Manlius
904 899 929 952 is
948 903 999 968 cst,

156 979 206 1048 qui
221 979 258 1032 ad
269 979 409 1032 Anienem
421 978 504 1048 Galli,
515 991 598 1046 quem
613 979 650 1032 ab
664 995 697 1032 eo
708 982 877 1049 provocatus
891 979 1000 1033 occide·

156 1065 207 1129 rat,
225 1063 325 1128 torque
347 1060 475 1112 detracto
494 1075 651 1129 cognomen
672 1059 794 1114 invenit:
817 1060 897 1114 cuius
915 1061 1000 1114 tertio

156 1142 303 1194 consulatu
315 1141 410 1194 Latini
423 1141 461 1194 ad
470 1140 596 1195 Veserim
607 1140 664 1194 fusi
676 1144 704 1194 et
716 1141 816 1210 fugati,
826 1158 945 1212 magnus
956 1142 1001 1196 vir

155 1221 187 1274 in
200 1221 299 1290 primis
313 1220 402 1289 etqui
419 1214 622 1292 perindulgens
635 1221 666 1273 in
680 1225 796 1290 patrem,
809 1221 887 1284 idem
902 1222 1000 1292 acerbe

156 1317 269 1356 severus
280 1301 311 1354 in
323 1301 421 1356 filium.
888 1369 892 1376 .

191 1381 311 1435 XXXH.
349 1383 408 1434 113.
425 1379 489 1449 Sed,
499 1384 532 1434 ut
544 1380 703 1434 laudandus
713 1381 838 1451 Regulus
850 1381 881 1434 in
893 1397 1000 1434 conser-
1032 1435 1034 1440 ,

156 1461 250 1514 vando
264 1461 467 1530 iureiurando,
481 1461 522 1514 sic
536 1461 634 1514 decem
648 1460 699 1529 illi,
710 1477 781 1530 quos
795 1464 861 1531 post
875 1462 1001 1514 Cannen-

157 1557 215 1596 sem
226 1557 354 1612 pugnam
368 1541 474 1596 iuratos
489 1542 527 1594 ad
539 1546 666 1594 senatum
679 1541 757 1595 misit
769 1541 913 1595 Hannibal
927 1557 955 1594 se
970 1541 1000 1594 in

157 1626 247 1676 castra
259 1621 400 1676 redituros
413 1638 453 1689 ea,
467 1637 586 1690 quorum
602 1624 680 1675 erant
692 1622 778 1691 potiti
789 1621 951 1689 Poeni,.nisi
963 1623 1000 1674 de

157 1703 329 1757 redimendis
348 1702 469 1772 captivis
486 1702 718 1771 impetravissent,
732 1703 755 1756 si
772 1719 830 1756 non
847 1702 1000 1771 redierunt,

157 1779 346 1853 vituperandi.
382 1783 426 1835 De
441 1781 544 1850 quibus
558 1797 616 1834 non
631 1798 726 1835 omnes
743 1798 800 1835 uno
814 1783 915 1837 modo:
934 1799 1001 1836 narn

157 1863 300 1932 Polybius,
310 1864 401 1916 bonus
414 1865 512 1914 auctor
527 1876 558 1913 rn
572 1861 677 1930 primis,
693 1877 728 1913 ex
746 1863 844 1917 decem
862 1863 1022 1936 nobilissi·

157 1945 218 2013 mis,
229 1943 278 2012 qui
290 1951 352 1996 tum
367 1947 447 1996 erant
459 1941 543 2008 missi,
553 1957 656 1994 novem
667 1942 820 2010 revertisse,
830 1959 847 1996 a
859 1947 957 1996 senatu
971 1957 1000 1995 re
1017 1993 1020 1999 ,

158 2041 214 2077 non
223 2024 388 2093 impetrata:
405 2038 494 2094 unum
505 2037 540 2074 ex
553 2021 659 2089 decem,
669 2021 719 2089 qui
730 2023 827 2090 paullo
839 2027 905 2092 post
917 2037 1013 2092 quam¹

158 2110 217 2158 erat
231 2119 358 2172 egressus
373 2118 388 2156 e
403 2099 501 2155 castris
515 2100 633 2154 redisset
646 2101 725 2168 quasi
741 2101 851 2169 aliquid
866 2103 1000 2156 essetab

158 2184 233 2252 litus,
246 2185 352 2236 Romae
366 2181 536 2236 remansisse.
573 2181 680 2234 Reditu
695 2181 769 2234 enim
783 2182 814 2234 in
829 2187 918 2236 castra
932 2183 1000 2235 libe·

158 2269 249 2318 ratum
261 2280 290 2317 se
302 2279 361 2316 esse
373 2263 434 2315 inre
446 2261 565 2315 iurando
580 2261 824 2331 interpretabatur,
837 2279 895 2314 non
909 2268 997 2315 rectcr

158 2345 234 2398 fraus
253 2343 329 2397 enim
348 2342 500 2411 distringit,
512 2357 570 2394 non
589 2341 719 2398 dissolvit
734 2342 896 2411 periurium.
932 2343 1022 2396 Fuit·

158 2425 247 2495 igitur
267 2425 354 2478 stulta
374 2421 515 2476 calliditas
533 2438 662 2491 perverse
683 2421 793 2475 imitata
811 2423 999 2492 prudentiam.

159 2507 257 2574 Itaque
277 2503 403 2557 decrevit
423 2508 535 2556 senatus
554 2507 588 2555 ut
605 2502 654 2556 illc
672 2507 812 2556 veterator
833 2509 862 2556 et
881 2504 1012 2557 callidus·

158 2588 270 2641 vinctus
295 2585 333 2638 ad
357 2583 546 2638 Hannibalem
571 2584 726 2638 duceretur.
766 2584 825 2638 114.
845 2585 901 2638 Sed
927 2584 1000 2638 illud

158 2667 319 2721 maximum.
357 2667 429 2718 Octo
450 2664 596 2716 hominum
617 2664 695 2716 milia
717 2665 830 2718 tenebat
848 2665 1000 2732 Hannibal,

158 2764 216 2800 non
229 2761 299 2816 quos
312 2745 344 2798 in
358 2745 417 2802 acie
433 2743 552 2813 cepisset
567 2749 615 2797 aut
630 2745 680 2811 qui
694 2745 819 2813 periculo
833 2745 932 2797 mortis
948 2744 1000 2797 dis·

149 2827 304 2895 .fugissent,
317 2826 367 2879 sed
380 2824 429 2893 qui
444 2822 534 2877 relicti
547 2825 577 2876 in
590 2824 687 2876 castris
700 2825 816 2878 fuissent
829 2842 845 2878 a
856 2826 957 2878 Paullo
972 2831 1000 2878 et

160 2923 176 2959 a
189 2909 312 2963 Varrone
331 2905 499 2958 consulibus.
536 2906 592 2956 Eos
607 2910 718 2956 senatus
735 2921 791 2956 non
806 2906 916 2957 censuit
928 2905 1000 2957 redi-

159 2989 283 3054 mendos,
294 3003 358 3039 cum
372 2986 403 3038 id
415 3001 502 3055 parva
516 2984 635 3054 pecunia
648 2984 708 3036 fieri
721 2989 821 3053 posset,
831 2990 864 3037 ut
877 2990 948 3038 esset
959 2985 1000 3037 in*

160 3069 244 3122 situm
258 3067 395 3120 militibus
409 3064 513 3117 nostris
531 3068 580 3116 aut
593 3063 704 3117 vincere
720 3070 768 3117 aut
783 3065 876 3120 emori.
915 3069 930 3095 “
939 3067 1001 3132 Qua

162 3150 275 3219 quidem
287 3164 316 3202 re
329 3146 427 3201 audita
435 3145 555 3200 fractum
567 3143 692 3198 animum
704 3144 894 3199 Hannibalis”
903 3147 1001 3201 scribit
