2256 3448
149 119 197 184 ιιι
455 117 509 166 nu
527 115 681 192 orrrcns

147 202 211 255 niae
228 201 344 270 invexit,
357 206 389 254 ut
407 200 491 256 unius
508 199 684 269 imperatoris
697 199 802 268 praeda
816 199 902 252 finem
921 205 994 254 attu-

148 282 212 335 lerit
229 281 405 336 tributorum.
442 281 482 334 At
500 280 547 333 hie
567 280 640 332 nihil
660 281 776 332 domum
795 296 876 333 saram
894 280 995 335 intulit

146 367 257 432 praeter
266 361 427 417 memoriam
436 361 558 428 nominis
567 360 771 430 sempiternam.
804 360 937 414 Imitatus
946 379 995 431 pa-

148 449 218 494 trem
234 441 382 495 Africanus
400 442 491 495 nihilo
509 441 678 510 locupletior
691 441 870 510 Karthagine
888 457 993 496 eversa.

148 522 244 589 Quidl
263 523 313 590 qui
331 523 391 576 eius
409 524 519 593 collega
534 521 589 575 luit
606 521 637 574 in
655 537 771 574 censura
786 522 818 576 L.
831 522 993 590 Mummius,

148 619 216 656 num
230 603 301 672 quid
313 602 460 674 copiosior,
472 619 537 656 cum
553 601 774 671 copiosissimam
788 602 888 654 urbem
899 601 995 656 fundi·

148 688 195 736 tus
213 683 389 738 sustulissetl
425 682 545 748 Italiam,
557 698 655 735 ornare
666 698 759 750 ¹quam
778 683 896 735 domum
915 697 995 736 suam

149 763 256 818 maluit.
293 765 470 832 Quamquam
478 762 562 816 Italia
574 766 672 815 ornata
685 763 787 816 domus
798 761 859 831 ipsa
871 761 945 815 mihi
953 763 996 815 vi-

150 845 233 897 detur
244 845 375 899 amatior.
413 847 456 899 77.
471 845 589 898 Nullum
602 843 691 913 igitur
699 842 801 898 vitium
812 843 930 897 taetrius
942 849 993 912 est,

149 930 182 976 ut
196 941 238 991 e0,
251 925 327 978 unde
345 940 457 994 egressa
476 923 635 992 est,1·eferat
650 939 678 976 se
693 923 995 991 oratio,quamava1i-

149 1003 198 1071 tia,
207 1004 369 1072 praesertim
383 1004 414 1056 in
428 1004 607 1074 principibus
621 1009 650 1056 et
661 1019 720 1058 rem
734 1004 879 1073 publicam
893 1005 995 1074 guber-

149 1083 288 1138 nantibus.
326 1084 437 1138 Habere
456 1084 531 1138 enim
549 1083 679 1152 quaestui
696 1100 755 1137 rem
772 1084 918 1154 publicam
935 1101 995 1138 non

149 1164 235 1216 modo
256 1167 338 1234 turpe
361 1170 411 1234 est,
430 1166 482 1218 sed
503 1166 668 1219 sceleratum
689 1164 775 1217 etiam
799 1169 828 1216 et
848 1165 993 1219 nefarium.

150 1244 250 1312 Itaque
264 1246 343 1312 quod
356 1245 462 1315 Apollo
476 1245 598 1313 Pythius
615 1245 759 1298 oraculum
774 1245 874 1312 edidit,
888 1248 904 1274 “
914 1246 995 1315 Spar-

149 1329 208 1378 tam
220 1325 298 1378 nulla
310 1341 340 1378 re
352 1325 407 1378 alia
419 1324 475 1378 nisi
487 1325 605 1379 avaritia
617 1341 674 1378 esse
687 1325 867 1394 perituram,'’
875 1325 908 1379 id
917 1326 994 1381 ride

68 1453 70 1460 ,
149 1409 197 1457 tur
208 1421 266 1458 non
278 1407 368 1458 solum
377 1405 613 1473 Lacedaemoniis,
623 1406 673 1458 sed
685 1405 771 1458 etiarn
783 1405 915 1459 omuibus
927 1423 995 1476 opu-

150 1485 235 1539 lentis
248 1486 361 1556 populis
372 1482 554 1556 praedixisse.
591 1487 678 1540 Nulla
692 1491 787 1539 autem
799 1502 829 1538 re
844 1487 995 1540 conciliare

150 1563 261 1618 facilius
270 1565 500 1628 benevolentiam
514 1565 704 1619 multitudinis
719 1571 836 1635 possunt
848 1565 878 1632 ii,
889 1567 939 1634 qui
954 1566 995 1620 rei

150 1646 281 1715 publicae
301 1649 442 1716 praesunt,
462 1662 547 1714 quam
568 1646 738 1700 abstinentia
762 1651 791 1700 et
811 1647 993 1702 continentia.
1032 1651 1040 1666 '

151 1728 194 1780 78.
210 1726 266 1793 Qui
281 1743 347 1780 vero
366 1743 394 1780 se
409 1727 559 1796 populares
573 1728 673 1782 volunt
691 1727 728 1779 ob
747 1742 864 1796 eamque
882 1743 995 1781 causam

151 1810 201 1858 aut
219 1806 362 1874 agrariam,
374 1823 433 1860 rem
450 1811 599 1876 temptant,
611 1811 646 1860 ut
662 1822 835 1876 possessores
852 1808 995 1877 pellantur

152 1883 209 1937 suis
224 1884 340 1937 sedibus
355 1890 405 1938 aut
417 1887 551 1954 pecunias
565 1887 686 1940 ereditas
700 1886 876 1940 debitoribus
891 1888 995 1941 condo-

151 1965 261 2018 nandas
278 1969 391 2033 putant,
406 1965 578 2020 labefactant
595 1966 779 2020 fundamenta
796 1967 837 2020 rei
854 1968 994 2037 publicae,

152 2045 333 2099 concordiam
351 2045 481 2115 primum,
495 2063 567 2114 quae
585 2063 644 2100 esse
661 2064 720 2100 non
733 2052 835 2118 potest,
849 2064 914 2102 cum
932 2049 995 2102 aliis

152 2127 325 2196 adimuntur,
339 2127 402 2180 aliis
416 2128 613 2181 condonantur
626 2128 769 2198 pecuniae,
782 2129 887 2183 deinde
902 2129 995 2199 aequi-

152 2213 246 2278 tatem,
255 2223 326 2276 quae
338 2207 449 2260 tollitur
463 2207 561 2274 omnis,
572 2208 710 2262 sihabere
725 2225 806 2261 suum
820 2209 924 2278 cuique
937 2225 995 2264 non

141 2282 227 2345 lieet.
263 2289 298 2342 Id
317 2287 392 2342 enim
410 2292 453 2341 est
467 2288 618 2357 proprium,
633 2293 667 2341 ιιι
684 2305 768 2358 supra
786 2289 856 2358 dixi,
870 2290 995 2344 civitatis

153 2375 237 2438 atque
249 2368 334 2436 urbis,
344 2373 377 2420 ut
389 2367 426 2421 sit
435 2368 522 2421 libera
534 2373 562 2421 et
574 2385 632 2422 non
644 2369 765 2422 sollicita
776 2386 842 2422 suae
853 2370 894 2423 rei
905 2371 995 2424 euius-

154 2465 208 2517 que
220 2449 356 2502 custodia.
395 2449 437 2501 79.
453 2447 548 2515 Atque
559 2449 590 2501 in
604 2449 658 2502 hac
672 2448 795 2518 pernicie
810 2449 851 2501 rei
865 2450 995 2520 publicae

153 2544 188 2580 ne
203 2529 282 2581 illam
297 2529 414 2595 quidem
428 2533 637 2596 consequuntur
649 2544 734 2596 quam
747 2534 851 2598 putant
864 2530 993 2600 gratiam.

153 2608 219 2661 Non
231 2607 278 2660 cui
289 2623 333 2661 res
345 2612 441 2678 erepta
452 2612 495 2661 est
507 2613 549 2662 est
557 2608 702 2662 inimicus:
718 2609 764 2662 cui
777 2610 844 2663 data
856 2615 899 2664 est
910 2610 995 2664 etiam

154 2685 313 2740 dissimulat
327 2703 356 2740 se
371 2688 496 2758 accipere
511 2689 631 2743 voluisse
647 2693 676 2742 et
687 2689 809 2743 maxime
822 2689 854 2742 in
868 2690 995 2760 pecuniis

154 2765 268 2820 creditis
286 2768 409 2819 occultat
427 2784 508 2822 suum
526 2769 670 2838 gaudium,
683 2785 718 2822 ne
732 2770 863 2834 videatur
880 2787 938 2825 non
954 2771 994 2824 sn-

153 2845 207 2899 issc
226 2846 369 2899 solvendo.
406 2846 445 2898 At
461 2865 527 2902 vero
546 2849 602 2914 ille,
616 2848 665 2917 qui
683 2850 793 2918 aceepit
809 2849 949 2918 iniuriam,
966 2856 995 2904 et

139 2925 281 2998 ¹meminit
300 2931 328 3000 et
342 2941 410 2994 prae
428 2943 457 2980 se
471 2928 526 2980 fert
540 2929 667 2982 dolorem
685 2946 774 2998 suum,
787 2947 847 2999 nec,
861 2931 995 3001 siplures

155 3011 220 3058 sunt
237 3005 267 3074 ii,
281 3005 383 3071 quibus
401 3005 527 3073 improbe
546 3009 646 3060 (latum
664 3015 713 3077 est,
727 3027 811 3077 quam
827 3011 878 3079 illi,
893 3012 994 3080 quibus

154 3083 258 3136 iniuste
270 3084 433 3151 ademptum
445 3088 495 3150 est,
503 3085 609 3138 ideirco
618 3088 683 3155 plus
695 3089 780 3141 etiam
789 3092 891 3146 valeat
930 3094 994 3146 Non
