2256 3448
223 129 293 178 LIB.
311 130 344 190 L,
361 129 439 179 CAP.
456 129 756 193 xxxma-XXXIX„
772 130 923 192 §133-139.
951 137 999 184 107

151 211 194 266 ira
208 213 308 282 procul
322 212 404 282 absit,
418 229 482 266 cum
497 230 552 282 qua
568 213 641 266 nihil
655 219 730 268 recte
745 215 805 268 fieri
823 215 895 269 nihil
911 218 999 270 consi-

153 295 249 346 derate
264 297 365 362 potest.
405 295 464 347 137.
485 295 618 364 Magnam
634 301 727 349 autem
741 301 850 365 partem
867 299 998 352 clementi

152 375 340 445 castigatione
352 375 418 429 licet
433 376 483 444 uti,
496 377 637 446 gravitate
649 384 743 430 tamen
757 379 900 446 adiuncta,
911 386 944 433 ut
958 397 998 432 se·

151 456 254 510 veritas
272 456 441 510 adhibeatur
459 462 487 510 et
501 458 670 510 contumelia
688 460 845 528 repellatur,
858 465 942 530 atque
959 467 998 514 et-

151 537 209 590 iam
229 537 303 590 illud
323 537 424 607 ipsum,
441 539 519 606 quod
540 538 700 592 acerbitatis
721 539 807 592 habet
829 541 996 612 obiurgatio,

151 617 369 686 significandum
384 623 433 686 est,
443 618 532 687 ipsius
546 618 578 670 id
591 635 680 686 causa,
691 619 741 688 qui
756 619 928 690 obiurgetur‚
940 639 997 676 esse

150 703 319 768 susceptum.
357 700 476 752 Rectum
493 704 535 751 est
550 704 643 752 autem
661 699 746 752 etiam
762 699 793 752 in
811 700 868 754 illis
885 707 996 755 conten-

149 779 283 847 tionibus,
298 795 369 846 quae
386 795 450 832 cum
465 778 664 832 inimicissimis
679 779 758 848 fiunt,
772 780 857 833 etiam
875 782 899 834 si
915 783 996 836 nobis

149 858 270 928 indigna
285 859 441 927 audiamus,
454 864 549 912 tamen
565 857 735 929 gravitatem
750 860 877 928 retinere,
889 861 996 916 iracun-

150 939 227 992 diam
239 940 380 1009 repellere.
419 941 496 1006 Quae
512 939 586 993 enirn
601 956 666 994 cum
680 941 774 1010 aliqua
786 942 995 1011 perturbatione

148 1020 229 1088 fiunt,
238 1036 270 1072 ea
282 1035 334 1073 nec
346 1024 506 1074 constanter
514 1021 573 1074 fieri
582 1027 702 1090 possunt
711 1038 762 1076 nec
771 1021 814 1090 iis,
822 1023 872 1091 qui
884 1023 994 1092 adsunt,

148 1099 269 1170 probari.
285 1131 289 1142 Α
306 1100 437 1154 Deforme
456 1101 541 1154 etiam
560 1105 601 1154 est
619 1102 655 1154 de
674 1117 703 1156 11
720 1102 814 1172 ipsum
831 1104 994 1172 praedicare

147 1181 218 1234 falsa
236 1181 399 1251 praesertim
418 1186 447 1235 et
465 1179 529 1235 0111
548 1181 675 1235 irrisione
695 1183 871 1238 audientium
888 1184 994 1238 imitari

149 1251 292 1314 “militem
305 1262 484 1332 gloriosum'l
741 1311 747 1328 ,

183 1343 316 1395 XXXIX.
340 1344 465 1411 11111,
479 1342 613 1411 quoniam
628 1343 722 1396 omnia
735 1344 935 1413 persequimur,
946 1362 993 1398 vo-

147 1425 241 1477 lumus
251 1424 366 1493 quidem
378 1428 459 1491 certe,
468 1424 623 1477 dicendum
634 1431 677 1477 est
686 1423 771 1476 ctiam
781 1426 892 1492 qualem
904 1425 993 1496 homi-

147 1505 192 1557 nis
210 1505 341 1558 honorati
361 1509 391 1558 et
407 1503 545 1574 principis
565 1505 682 1557 1011111
701 1505 812 1573 placeat
831 1521 898 1572 esse,
913 1505 993 1558 cuius

147 1585 211 1638 linis
226 1590 268 1638 est
280 1597 354 1654 usus,
364 1586 403 1638 ad
415 1601 498 1653 quern
513 1586 753 1639 accommodanda
768 1590 809 1638 111
824 1585 992 1639 aedificandi

148 1665 300 1736 descriptio
322 1671 462 1720 ettamen
483 1665 646 1719 adhibenda
668 1666 877 1720 commoditatis
899 1665 992 1736 digni-

147 1741 269 1815 tatisque
288 1745 443 1816 diligentia.
489 1747 539 1800 On,
556 1746 682 1815 Octavio,
696 1746 745 1814 qui
763 1746 870 1816 primus
888 1763 923 1800 ex
941 1747 991 1800 illa

146 1827 256 1880 familia
280 1829 377 1881 consul
400 1827 491 1881 factus
517 1831 567 1896 est,
589 1828 690 1881 honori
714 1827 799 1881 fuisse
823 1828 990 1898 accepimus,

147 1908 226 1975 quod
247 1909 417 1978 praeclaram
441 1907 614 1962 aedificasset
635 1908 664 1960 in
689 1908 800 1962 Palatio
825 1913 854 1962 et
868 1910 991 1978 'plenam

147 1987 297 2057 dignitatis
312 1989 441 2042 domum:
454 1985 535 2056 'quae
553 2005 617 2041 cum
634 1989 721 2058 vulgo
739 1989 882 2058 viseretur,
896 1989 990 2042 suffra·

146 2074 214 2137 gata
229 2068 343 2120 domino
361 2085 436 2120 novo
452 2069 561 2121 homini
580 2069 617 2121 ad
632 2070 807 2121 consulatum
821 2071 989 2138 putabatur:

146 2149 221 2202 hanc
243 2149 361 2202 Scaurus
382 2149 533 2202 demolitus
554 2146 741 2201 accessionem
762 2148 894 2201 adiunxit
915 2149 990 2203 acdi-

145 2229 219 2284 bus.·
244 2230 343 2297 Itaquc
358 2229 407 2282 ille
421 2229 452 2282 in
467 2245 544 2282 suam
560 2231 675 2283 domum
693 2227 870 2281 consulatum
884 2229 990 2299 primus

146 2309 250 2378 attulit,
266 2309 314 2362 hic
333 2309 434 2362 summi
452 2315 481 2362 et
499 2308 645 2362 clarissimi
661 2307 716 2362 viri
733 2307 855 2360 filiusin
874 2309 989 2362 domurn

146 2390 362 2459 multiplicatam
378 2405 436 2443 non
452 2391 591 2459 repulsam
608 2390 698 2442 solum
715 2387 831 2455 rettulit,
844 2389 895 2441 sed
909 2389 989 2459 igno-

145 2470 262 2523 miniam
283 2470 369 2523 etiam
392 2475 421 2522 et
442 2469 637 2523 calamitatem.
676 2471 734 2522 139.
761 2469 893 2522 Ornanda
915 2471 989 2523 enim

146 2556 189 2602 est
203 2550 329 2619 dignitas
344 2551 436 2617 domo,
449 2567 507 2603 non
525 2566 560 2602 ex
578 2551 663 2603 domo
678 2554 739 2602 tota
756 2550 923 2618 quaerenda,
937 2568 989 2605 nec

146 2631 232 2682 (10110
248 2631 385 2699 (lominus,
397 2633 446 2684 sed
459 2630 574 2683 domino
589 2632 690 2684 domus
702 2631 877 2685 honestanda
892 2637 941 2700 est,
952 2639 988 2701 et,

145 2716 179 2761 ut
192 2709 223 2761 11
240 2710 339 2764 ceteris
354 2711 485 2764 habenda
499 2711 571 2763 ratio
588 2727 645 2762 non
662 2728 711 2764 sua
726 2713 824 2781 solum,
838 2714 889 2766 sed
904 2713 989 2766 etiam

145 2789 271 2856 aliorum,
285 2791 369 2866 sicin
384 2792 468 2844 domo
484 2791 552 2843 clari
566 2790 697 2858 hominis,
707 2791 737 2843 in
753 2809 837 2860 quam
852 2799 881 2847 et
895 2794 989 2863 hospi-

145 2875 188 2922 tes
200 2871 283 2923 multi
297 2871 452 2940 reeipiendi
464 2875 493 2924 et
505 2870 682 2924 admittenda
694 2872 839 2926 hominum
854 2874 988 2942 cuiusque

144 2949 224 3002 modi
239 2950 401 3017 multitudo,
412 2950 575 3003 adhibenda
589 2967 656 3003 cura
671 2955 713 3003 est
727 2952 860 3006 laxitatia
897 2954 988 3006 Aliter

145 3031 240 3098 ampla
257 3031 356 3083 domus
374 3031 505 3084 dedecori
523 3031 638 3083 domino
658 3048 739 3100 saepe
753 3032 793 3099 fit,
807 3033 830 3084 si
849 3037 890 3084 est
906 3033 936 3084 11
955 3050 987 3084 01

145 3109 648 3179 10111111·011111111111111111110
661 3111 716 3164 alio
726 3111 842 3163 domino
854 3109 936 3163 solita
947 3117 988 3163 cst
