2256 3448
130 88 138 104 ⁰
184 90 186 93 ’
261 123 394 184 uram,
415 124 677 188 aar.v11.v111‚‚
696 125 815 185 §aa-ra.
912 129 959 178 125

115 205 301 276 stipatoribus
322 207 380 260 suis
401 208 454 276 qui
473 212 662 262 scrutarentur
684 211 791 264 arculas
810 207 959 264 muliebres

116 291 145 340 et
157 303 193 341 ne
208 287 286 356 quod
297 287 329 363 in
340 288 515 344 vestimentis
529 291 617 342 telum
631 292 820 345 occultaretur
834 291 959 359 exquire·

115 373 186 422 rent.
223 367 399 437 Omiseram,
413 369 629 440 quiufideliorem
644 375 672 424 et
684 370 833 426 barbarum
847 375 877 424 et
891 372 959 441 stig-

115 443 233 501 matiam
251 453 363 518 putaret
383 465 468 516 quam
487 450 650 520 coniugem!
687 453 749 505 Nec
767 468 832 505 eum
851 451 958 507 fefellit.

115 529 162 582 Ab
183 541 221 581 ea·
237 533 279 581 est
297 527 372 582 enim
390 529 452 598 ipsa
469 534 585 600 propter
602 531 750 600 pellicatus
771 531 957 602 suspicionem

114 607 288 666 interiectus.
325 609 386 663 Nec
399 625 465 667 vero
479 611 537 664 ulla
548 609 592 664 vis
606 611 719 680 imperii
730 615 810 664 tanta
825 616 874 678 est,
888 628 958 680 qaae

115 691 258 756 premente
277 693 355 742 metu
373 689 463 764 possit
482 705 541 743 esse
564 689 706 746 diuturna.
743 694 786 744 26.
805 691 897 744 Testis
916 697 959 744 est

115 767 251 836 Phalaris,
267 768 347 821 cuius
365 773 408 822 est
423 774 534 838 praeter
551 775 656 824 ceteros
674 770 824 823 nobilitata
840 770 958 822 crudeli·
998 813 1000 816 .

115 853 167 916 tas,
178 847 228 916 qui
239 865 296 901 non
308 865 344 902 ex
355 848 467 902 insidiis
480 849 595 918 interiit,
605 855 638 904 ut
650 851 682 920 is,
693 867 777 920 quem
788 851 875 904 modo
888 849 958 917 dixi,

114 928 284 996 Alexander,
299 945 358 981 non
376 945 392 982 a
410 929 515 998 paucis,
529 935 561 984 ut
576 931 624 984 hio
642 937 745 1000 noster,
758 931 808 984 aed
826 931 857 983 in
875 946 958 999 quem

115 1009 244 1063 universa
267 1009 518 1078 Agrigentinorum
541 1011 694 1065 multitudo
721 1011 864 1082 impetum·
881 1010 956 1065 fecit.

115 1089 212 1156 Quint
248 1089 416 1142 Macedones
427 1106 519 1144 nonne
531 1093 702 1146 Demetrium
713 1092 887 1161 reliquerunt
898 1091 958 1145 ani-

114 1169 243 1238 versique
258 1187 287 1222 se
304 1170 341 1222 ad
356 1171 495 1238 Pyrrhum
509 1173 706 1228 contuleruntt
743 1173 838 1239 Quint
874 1174 958 1226 Lace·

116 1251 280 1304 daemonica
302 1250 405 1304 iniuste
425 1251 594 1321 imperantes
613 1269 707 1306 nonne
725 1258 840 1322 repente
862 1269 958 1306 omnes

114 1331 172 1385 sere
187 1331 258 1384 socii
273 1332 454 1384 deseruerunt
469 1337 694 1402 spectatoresque
713 1349 742 1385 se
761 1333 867 1386 otiosos
881 1349 957 1401 prae·

114 1413 237 1466 buerunt
248 1411 409 1466 Leuctricae
421 1413 589 1466 calamitatis
599 1415 609 1468 i
639 1413 717 1469 VIII.
735 1414 859 1466 Externa
870 1413 958 1465 liben-

113 1493 171 1546 tius
188 1492 220 1544 in
234 1492 285 1546 tali
299 1509 329 1545 re
348 1507 432 1560 quam
451 1493 606 1547 domestica
623 1494 761 1547 recordor.
798 1495 902 1550 Verum
916 1497 957 1546 ta-

114 1591 179 1626 mon
203 1589 289 1642 quam
313 1571 364 1626 diu
384 1573 533 1646 imperium
554 1574 654 1644 populi
674 1573 795 1628 Romani
815 1573 958 1628 beneficiis
1007 1583 1013 1592 '

114 1653 270 1721 tenebatur,
286 1669 345 1706 non
365 1653 483 1722 iniuriis,
501 1654 575 1707 bella
599 1660 647 1708 aut
667 1671 720 1724 pro
744 1654 828 1708 sociis
852 1659 901 1708 aut
920 1655 957 1708 de
991 1682 994 1686 ·

113 1733 232 1804 imperio
250 1735 426 1803 gerebantur,
441 1734 534 1788 exitus
553 1741 631 1788 erant
648 1736 788 1788 bellorum
808 1739 857 1790 aut
875 1735 958 1789 mites

114 1822 164 1870 ant
192 1815 347 1883 necessarii,
367 1831 474 1885 regum,
493 1818 670 1885 populorum,
689 1816 835 1870 nationum
858 1820 958 1886 portus

113 1900 174 1949 erat
186 1900 215 1948 et
226 1894 366 1964 refugium
378 1901 498 1965 senatus,
511 1899 553 1950 27.
569 1896 658 1949 nostri
670 1903 763 1950 autem
775 1884 957 1968 magistratus

113 1975 351 2046 imperatoresque
369 1992 405 2028 ex
422 1977 475 2030 hac
493 1991 549 2030 una
566 1993 595 2034 re
613 1977 765 2031 maximam
782 1979 895 2030 laudem
913 1993 957 2029 ca-

113 2073 181 2126 pere
202 2056 364 2123 studebant,
382 2056 406 2109 si
426 2057 591 2126 provincias,
609 2057 633 2110 ai
654 2057 744 2110 socios
765 2057 906 2124 aequitate
928 2065 957 2110 et

113 2139 170 2191 fide
186 2136 383 2190 defendissent.
414 2137 513 2205 Itaque
527 2137 600 2190 illud
614 2136 802 2206 patrocinium
816 2137 892 2189 orbis
904 2141 956 2188 ter-

113 2235 161 2271 rae
172 2217 266 2272 verius
282 2233 367 2284 quam
379 2217 528 2286 imperium
540 2221 651 2286 poterat
665 2215 809 2270 nominari.
848 2215 956 2269 Sensim

113 2299 189 2352 hanc
201 2297 434 2350 consuetudinem
446 2301 475 2350 et
490 2296 669 2366 disciplinam
681 2296 738 2349 iam
753 2299 837 2348 antea
850 2295 956 2347 minue-

115 2379 221 2445 bamus,
234 2383 299 2447 post
312 2394 380 2430 vero
399 2378 491 2430 Sullae
506 2377 653 2430 victoriam
667 2375 780 2444 penitus
798 2374 955 2428 amisimus:

115 2457 239 2512 desitum
253 2462 296 2511 est
310 2461 386 2510 enim
397 2457 489 2510 videri
501 2457 657 2524 quidquam
668 2457 699 2508 in
714 2455 805 2508 socios
818 2454 956 2523 iniquum,
1027 2516 1030 2520 Ι
1070 2493 1074 2502 .

114 2555 179 2592 cum
192 2537 344 2592 exstitisset
355 2537 386 2590 in
401 2537 475 2590 cives
487 2541 566 2590 tanta
581 2536 739 2590 crudelitas.
775 2537 851 2606 Ergo
863 2535 894 2588 in
906 2535 956 2588 illo

114 2626 211 2672 secuta
223 2623 264 2672 est
274 2607 420 2671 honestam
432 2633 544 2672 cansam
553 2633 615 2676 non¹
623 2618 740 2670 honesta
749 2616 874 2672 victoria.
905 2617 957 2670 Est

114 2700 190 2754 enim
201 2715 284 2752 ausus
298 2699 391 2752 dicere
403 2699 484 2751 hasta
496 2697 597 2767 posita,
611 2699 763 2750 cambone
775 2697 806 2750 in
818 2697 879 2751 soro
891 2714 956 2752 ven-

113 2781 194 2834 deret
208 2784 236 2832 et
247 2779 385 2832 bonorum
396 2778 521 2832 virorum
533 2783 562 2831 et
572 2779 745 2848 locupletum
761 2783 789 2831 et
801 2783 874 2831 certe
890 2777 956 2832 civi-

112 2877 171 2930 um,
185 2863 200 2891 “
208 2860 343 2930 praedam
357 2875 386 2912 se
400 2875 479 2912 suam
490 2859 636 2914 vendere.”
674 2859 791 2912 Secutus
805 2863 847 2912 est
862 2857 911 2926 qui
925 2857 956 2910 in

111 2957 198 2994 causa
216 2939 313 3009 impia,
325 2938 444 2994 victoria
462 2937 547 2992 etiam
564 2937 688 2991 foediore
705 2955 764 2991 non
782 2937 956 3006 singulorum

111 3021 219 3076 civium
228 3021 302 3072 bona
311 3019 476 3088 publicaret,
486 3019 536 3072 sod
545 3017 686 3073 universas
695 3017 854 3088 provincias
866 3016 955 3084 regio-

110 3116 218 3170 nesque
229 3114 287 3152 uno
300 3099 468 3152 calamitatis
480 3098 539 3151 iure
552 3098 807 3168 comprehenderet.
843 3097 885 3147 28.
901 3096 955 3147 ita-
970 3095 972 3099 '

243 3176 254 3218 l
262 3179 271 3220 l
