2256 3448
240 145 310 194 LIB.
327 145 361 206 1.,
376 145 454 194 CAP.
470 143 601 194 XXVIII.
616 144 726 206 XXIX,
744 142 758 203 5
773 146 878 193 97-103.
953 145 985 192 95

143 229 183 282 ad
201 233 331 281 naturam
350 227 410 296 apti
428 231 501 294 sunt,
514 227 564 280 sed
579 229 669 280 multo
688 227 772 280 etiam
789 227 881 296 magis
899 227 986 280 animi

144 313 238 361 motus
256 307 405 377 probandi,
421 307 470 375 qui
491 307 560 360 item
578 307 616 360 ad
634 311 763 360 naturam
781 307 986 360 accommodati

143 392 218 442 sunt.
257 388 316 440 101.
332 387 446 456 Duplex
461 393 503 440 est
518 387 593 439 enim
607 387 651 441 vis
665 387 821 440 animorum
836 392 921 456 atque
939 405 986 440 na-

139 473 223 522 tura:
241 485 298 520 una
318 483 382 536 pars
400 467 431 519 in
449 467 577 537 appetitu
595 468 689 537 posita
707 473 756 537 est,
773 485 844 537 quae
864 473 907 521 est
921 473 985 538 ὁρμὴ

144 549 259 616 Graece,
270 564 341 616 quae
356 547 499 600 hominem
513 548 570 600 huo
585 554 613 601 et
625 548 692 600 illue
707 549 790 618 rapit,
801 550 888 602 altera
899 548 929 600 in
944 565 983 600 ra·

143 629 230 697 tione,
241 645 313 696 quae
328 629 412 680 docet
427 633 456 680 et
471 629 605 696 explanat
617 628 688 696 quid
703 628 864 681 faciendum
878 628 985 697 fugien-

144 709 250 762 dumve
262 707 307 761 ait.
337 709 381 760 Ita
393 708 426 760 fit
438 712 470 760 ut
483 707 554 760 ratio
566 707 677 777 praesit,
688 707 831 777 appetitus
844 708 985 776 obtempe-

143 793 194 842 ret.
225 789 330 842 XXIX.
341 788 438 842 Omnis
448 792 541 842 autem
550 787 624 840 actio
632 803 729 842 vacare
737 787 985 840 debettemeritate

142 875 173 922 et
182 868 361 938 neglegentia
370 885 422 921 nec
431 885 497 922 vero
507 883 589 937 agera
598 868 761 936 quidquam,
769 867 849 920 euius
858 883 914 919 non
923 883 985 936 pos-

143 951 182 1004 sit
195 966 307 1003 causam
325 949 502 1019 probabilem
520 949 645 1003 reddere.
682 950 761 1002 Haeo
779 953 821 1001 est
836 947 911 1000 enim
928 947 985 1000 fere

143 1030 298 1100 descriptio
314 1029 408 1084 officii.
447 1031 505 1083 102.
521 1029 707 1082 Efficiendum
725 1032 819 1082 autem
837 1032 923 1095 estut
938 1044 985 1096 ap—

144 1111 250 1180 petitus
269 1109 373 1178 rationi
390 1109 545 1162 oboediant
565 1125 680 1186 eamque
698 1123 790 1177 neque
808 1113 985 1178 praecurrant

89 1241 92 1246 ,
144 1209 196 1244 neo
210 1197 327 1261 propter
341 1191 488 1260 pigritiam
502 1195 552 1242 aut
565 1190 709 1260 ignaviam
724 1192 859 1258 deserant,
872 1189 984 1258 sintque

144 1271 291 1340 tranquilli
304 1275 388 1339 atque
400 1270 478 1324 omni
488 1270 575 1323 animi
583 1270 794 1339 perturbatione
803 1274 930 1323 careant:
950 1286 985 1322 ex

46 1351 49 1362 '
143 1369 201 1419 quo
223 1352 345 1405 elucebit
363 1351 454 1404 omnis
475 1350 633 1403 constantia
653 1351 799 1418 omnisque
820 1349 984 1404 moderatio,

144 1433 219 1486 Nam
232 1432 281 1500 qui
294 1431 437 1501 appetitus
449 1430 562 1500 longius
574 1435 729 1500 evagantur
741 1437 769 1484 et
781 1435 925 1498 tamquam
940 1447 985 1482 ex·

143 1514 280 1566 sultantes
298 1513 357 1567 sive
376 1511 517 1581 cupiendo
535 1511 593 1564 sive
608 1511 745 1580 fugiendo
760 1527 818 1564 uon
832 1510 900 1564 satis
914 1527 930 1563 a
945 1527 985 1563 ra-

144 1593 221 1647 tione
236 1593 399 1661 retinentur,
412 1592 434 1645 ii
447 1593 507 1646 sine
522 1592 610 1646 dubio
624 1593 709 1645 finem
724 1596 752 1645 et
766 1592 883 1644 modum
897 1596 985 1664 trans·
1080 1616 1087 1661 χ

143 1679 219 1728 eunt.
251 1673 426 1741 Relinquunt
439 1673 513 1726 enim
525 1678 553 1726 et
565 1673 702 1726 abiiciunt
712 1673 920 1738 oboedientiam
933 1687 985 1726 nec

102 1815 105 1821 Δ
144 1753 251 1807 rationi
263 1760 370 1823 parent,
385 1754 431 1807 cui
444 1759 510 1808 sunt
523 1754 645 1808 subiecti
660 1755 722 1825 lege
740 1765 871 1808 naturae:
890 1771 907 1807 a
925 1755 985 1823 qui·

144 1836 198 1888 bus
212 1851 270 1887 non
284 1835 370 1888 modo
382 1835 469 1888 animi
483 1837 689 1906 perturbantur,
699 1836 749 1890 sed
762 1836 847 1889 etiam
859 1851 984 1906 corpora.

143 1915 224 1969 Licet
238 1932 287 1968 ora
300 1915 362 1985 ipsa
375 1931 487 1969 cernere
501 1916 636 1970 iratorum
651 1921 700 1970 aut
715 1934 817 1984 eorum,
828 1917 879 1986 qui
893 1921 942 1970 aut
953 1917 986 1968 li·

144 1996 243 2050 bidine
262 1996 357 2064 aliqua
376 2001 426 2050 aut
443 2001 520 2049 metu
538 1998 756 2050 commoti-sunt
774 2003 823 2050 aut
839 1999 985 2067 voluptate

143 2077 232 2130 nimia
246 2079 386 2147 gestiunt:
405 2093 526 2144 quorum
540 2079 665 2130 omnium
681 2080 782 2144 vultus,
792 2095 883 2143 voces,
893 2082 985 2130 motus

142 2163 288 2226 statusque
300 2162 451 2231 mutantur.
482 2159 539 2210 103.
551 2159 595 2210 Ex
609 2158 711 2226 quibus
720 2157 792 2211 illud
802 2159 984 2228 intellegitur,

143 2245 176 2291 ut
189 2239 227 2291 ad
240 2237 326 2290 officii
338 2237 456 2289 formam
469 2240 647 2304 revertamur,
658 2237 800 2306 appetitus
813 2255 909 2292 omnes
921 2255 986 2291 con-

143 2317 297 2372 trahendos
317 2317 512 2383 sedandosque
529 2332 589 2369 csse
607 2317 842 2385 excitandamque
861 2318 985 2371 animad-

138 2400 294 2452 versionem
304 2401 333 2450 et
342 2397 528 2466 diligentiam,
538 2400 571 2449 ut
582 2412 616 2448 ne
625 2397 695 2464 quid
703 2401 806 2450 temere
817 2413 849 2451 ac
859 2398 984 2466 fortuito,

56 2504 64 2517 ·
143 2479 347 2532 inconsiderate
368 2480 606 2547 neglegenterque
628 2495 752 2547 agamus.
790 2480 888 2547 Neque
910 2481 985 2532 enirn

142 2561 184 2612 ita
196 2559 322 2630 generati
333 2565 457 2612 anatura
467 2575 570 2628 sumus,
577 2563 609 2613 ut
619 2560 656 2613 ad
667 2561 767 2612 ludum
776 2565 805 2613 et
814 2561 906 2613 iocum
917 2561 984 2616 facti

142 2657 203 2693 asse
218 2641 370 2706 videamur,
380 2641 430 2710 sed
445 2641 482 2692 ad
497 2641 675 2695 severitatem
690 2641 786 2710 potius
805 2647 832 2694 et
851 2643 888 2694 ad
903 2658 985 2710 quac-

143 2721 210 2774 dam
229 2721 324 2774 studia
342 2721 472 2790 graviora
490 2727 575 2789 atque
593 2722 707 2776 maiora.
744 2723 826 2776 Ludo
845 2728 937 2776 utitem
957 2727 985 2775 ct

142 2801 207 2853 ioco
221 2801 264 2854 uti
278 2801 329 2854 illo
344 2801 460 2870 quidem
478 2801 552 2868 licet,
568 2802 618 2854 sed
637 2802 710 2855 siout
725 2818 823 2856 somno
842 2808 871 2856 et
886 2803 985 2872 quieti-

144 2881 197 2934 bus
219 2882 318 2936 ceteris
336 2887 485 2950 tum,eun1
503 2882 637 2951 gravibus
659 2883 794 2952 seriisque
813 2885 897 2936 rebus
918 2883 985 2936 satis

142 2961 296 3016 fecerimus.
331 2963 480 3031 Ipsumque
490 2979 579 3031 genus
588 2963 702 3017 iocandi
712 2981 768 3016 non
777 2964 921 3033 profusum
933 2977 984 3014 neo

142 3043 350 3112 immodestum,
358 3044 409 3096 sed
418 3043 572 3112 ingenuum
582 3049 611 3097 ct
619 3045 740 3098 facetum
753 3061 811 3097 esse
823 3044 915 3095 debet.
946 3043 985 3095 Ut

143 3122 218 3176 enim
231 3122 325 3192 pueris
337 3139 395 3176 non
407 3139 518 3176 omnem
530 3124 651 3176 ludendi
663 3123 806 3176 licentiam
819 3123 924 3188 damus,
935 3120 984 3174 sed
