<?xml version="1.0" encoding="UTF-8"?>
<!DOCTYPE html PUBLIC "-//W3C//DTD XHTML 1.0 Transitional//EN"
    "http://www.w3.org/TR/xhtml1/DTD/xhtml1-transitional.dtd">
<html xmlns="http://www.w3.org/1999/xhtml" xml:lang="en" lang="en">
 <head>
  <title>
</title>
<meta http-equiv="Content-Type" content="text/html;charset=utf-8" />
  <meta name='ocr-system' content='tesseract 3.04.00' />
  <meta name='ocr-capabilities' content='ocr_page ocr_carea ocr_par ocr_line ocrx_word'/>
</head>
<body>
  <div class='ocr_page' id='page_1' title='image "./mtulliiciceroni01longgoog_0094.png"; bbox 0 0 2272 3442; ppageno 0'>
   <div class='ocr_carea' id='block_1_1' title="bbox 289 137 993 201">
    <p class='ocr_par' dir='ltr' id='par_1_1' title="bbox 289 137 993 201">
     <span class='ocr_line' id='line_1_1' title="bbox 289 137 993 201; baseline 0 -12"><span class='ocrx_word' id='word_1_1' title='bbox 289 139 713 201; x_wconf 77' lang='lat' dir='ltr'>nin.1.,cAP.XV111.-XX.,</span> <span class='ocrx_word' id='word_1_2' title='bbox 731 137 745 198; x_wconf 63' lang='grc' dir='ltr'>ᾖ</span> <span class='ocrx_word' id='word_1_3' title='bbox 763 141 852 188; x_wconf 82' lang='grc'>61-66.</span> <span class='ocrx_word' id='word_1_4' title='bbox 961 142 993 189; x_wconf 87' lang='grc'>83</span> 
     </span>
    </p>
   </div>
   <div class='ocr_carea' id='block_1_2' title="bbox 134 222 1040 3172">
    <p class='ocr_par' dir='ltr' id='par_1_2' title="bbox 134 222 1040 3172">
     <span class='ocr_line' id='line_1_2' title="bbox 153 222 991 292; baseline -0.004 -12"><span class='ocrx_word' id='word_1_5' title='bbox 153 226 365 281; x_wconf 85' lang='lat' dir='ltr'>essevolumus:</span> <span class='ocrx_word' id='word_1_6' title='bbox 385 240 455 292; x_wconf 88' lang='lat' dir='ltr'>qnae</span> <span class='ocrx_word' id='word_1_7' title='bbox 468 223 679 276; x_wconf 86' lang='lat' dir='ltr'>suntexmcdia</span> <span class='ocrx_word' id='word_1_8' title='bbox 689 223 772 275; x_wconf 88' lang='lat' dir='ltr'>laude</span> <span class='ocrx_word' id='word_1_9' title='bbox 784 222 916 276; x_wconf 89' lang='lat' dir='ltr'>iustitiae.</span> <span class='ocrx_word' id='word_1_10' title='bbox 949 226 991 278; x_wconf 82' lang='grc'>64.</span> 
     </span>
     <span class='ocr_line' id='line_1_3' title="bbox 155 303 993 374; baseline -0.004 -14"><span class='ocrx_word' id='word_1_11' title='bbox 155 308 212 361; x_wconf 82' lang='lat' dir='ltr'>Sed</span> <span class='ocrx_word' id='word_1_12' title='bbox 224 306 297 358; x_wconf 90' lang='lat' dir='ltr'>illud</span> <span class='ocrx_word' id='word_1_13' title='bbox 310 306 440 358; x_wconf 89' lang='lat' dir='ltr'>odiosum</span> <span class='ocrx_word' id='word_1_14' title='bbox 454 312 502 372; x_wconf 91' lang='lat' dir='ltr'>est,</span> <span class='ocrx_word' id='word_1_15' title='bbox 517 306 593 372; x_wconf 89' lang='lat' dir='ltr'>quod</span> <span class='ocrx_word' id='word_1_16' title='bbox 607 305 637 355; x_wconf 90' lang='lat' dir='ltr'>in</span> <span class='ocrx_word' id='word_1_17' title='bbox 651 305 703 356; x_wconf 88' lang='lat' dir='ltr'>hac</span> <span class='ocrx_word' id='word_1_18' title='bbox 716 303 834 356; x_wconf 88' lang='lat' dir='ltr'>elatione</span> <span class='ocrx_word' id='word_1_19' title='bbox 848 310 876 356; x_wconf 90' lang='lat' dir='ltr'>et</span> <span class='ocrx_word' id='word_1_20' title='bbox 887 307 993 374; x_wconf 85' lang='lat' dir='ltr'>magni-</span> 
     </span>
     <span class='ocr_line' id='line_1_4' title="bbox 154 385 993 454; baseline -0.002 -14"><span class='ocrx_word' id='word_1_21' title='bbox 154 387 253 440; x_wconf 87' lang='lat' dir='ltr'>tudine</span> <span class='ocrx_word' id='word_1_22' title='bbox 274 386 360 439; x_wconf 88' lang='lat' dir='ltr'>animi</span> <span class='ocrx_word' id='word_1_23' title='bbox 376 385 508 438; x_wconf 82' lang='lat' dir='ltr'>facillime</span> <span class='ocrx_word' id='word_1_24' title='bbox 526 385 681 454; x_wconf 85' lang='lat' dir='ltr'>pertinacia</span> <span class='ocrx_word' id='word_1_25' title='bbox 699 389 728 436; x_wconf 87' lang='lat' dir='ltr'>et</span> <span class='ocrx_word' id='word_1_26' title='bbox 747 385 833 436; x_wconf 87' lang='lat' dir='ltr'>nimia</span> <span class='ocrx_word' id='word_1_27' title='bbox 851 385 993 454; x_wconf 81' lang='lat' dir='ltr'>cupiditas</span> 
     </span>
     <span class='ocr_line' id='line_1_5' title="bbox 154 465 998 537; baseline 0 -19"><span class='ocrx_word' id='word_1_28' title='bbox 154 467 330 537; x_wconf 82' lang='lat' dir='ltr'>principatus</span> <span class='ocrx_word' id='word_1_29' title='bbox 348 465 510 518; x_wconf 79' lang='lat' dir='ltr'>innascitur.</span> <span class='ocrx_word' id='word_1_30' title='bbox 549 466 588 518; x_wconf 88' lang='lat' dir='ltr'>Ut</span> <span class='ocrx_word' id='word_1_31' title='bbox 603 465 677 517; x_wconf 90' lang='lat' dir='ltr'>enirn</span> <span class='ocrx_word' id='word_1_32' title='bbox 696 466 773 534; x_wconf 91' lang='lat' dir='ltr'>apud</span> <span class='ocrx_word' id='word_1_33' title='bbox 787 467 933 518; x_wconf 85' lang='lat' dir='ltr'>Platonem</span> <span class='ocrx_word' id='word_1_34' title='bbox 951 474 998 518; x_wconf 86' lang='lat' dir='ltr'>est¹</span> 
     </span>
     <span class='ocr_line' id='line_1_6' title="bbox 155 544 993 600; baseline -0.001 -1"><span class='ocrx_word' id='word_1_35' title='bbox 155 551 170 576; x_wconf 76' lang='lat'>‘⁴</span> <span class='ocrx_word' id='word_1_36' title='bbox 182 563 292 600; x_wconf 92' lang='lat' dir='ltr'>omnem</span> <span class='ocrx_word' id='word_1_37' title='bbox 304 563 409 599; x_wconf 91' lang='lat' dir='ltr'>morem</span> <span class='ocrx_word' id='word_1_38' title='bbox 421 544 706 598; x_wconf 83' lang='lat' dir='ltr'>Lacedaemoniorum</span> <span class='ocrx_word' id='word_1_39' title='bbox 718 544 922 598; x_wconf 87' lang='lat' dir='ltr'>inflammatum</span> <span class='ocrx_word' id='word_1_40' title='bbox 934 562 993 598; x_wconf 88' lang='lat' dir='ltr'>esse</span> 
     </span>
     <span class='ocr_line' id='line_1_7' title="bbox 155 624 994 696; baseline -0.002 -16"><span class='ocrx_word' id='word_1_41' title='bbox 155 626 311 696; x_wconf 88' lang='lat' dir='ltr'>cupiditate</span> <span class='ocrx_word' id='word_1_42' title='bbox 329 625 488 692; x_wconf 82' lang='lat' dir='ltr'>vincendi,”</span> <span class='ocrx_word' id='word_1_43' title='bbox 505 625 544 677; x_wconf 89' lang='lat' dir='ltr'>sic</span> <span class='ocrx_word' id='word_1_44' title='bbox 563 629 595 677; x_wconf 92' lang='lat' dir='ltr'>ut</span> <span class='ocrx_word' id='word_1_45' title='bbox 614 625 732 692; x_wconf 89' lang='lat' dir='ltr'>quisquc</span> <span class='ocrx_word' id='word_1_46' title='bbox 751 624 837 677; x_wconf 89' lang='lat' dir='ltr'>animi</span> <span class='ocrx_word' id='word_1_47' title='bbox 855 625 994 694; x_wconf 85' lang='lat' dir='ltr'>magnitu-</span> 
     </span>
     <span class='ocr_line' id='line_1_8' title="bbox 156 704 994 774; baseline -0.005 -14"><span class='ocrx_word' id='word_1_48' title='bbox 156 707 223 760; x_wconf 89' lang='lat' dir='ltr'>dine</span> <span class='ocrx_word' id='word_1_49' title='bbox 240 707 361 759; x_wconf 88' lang='lat' dir='ltr'>maxime</span> <span class='ocrx_word' id='word_1_50' title='bbox 379 705 500 774; x_wconf 87' lang='lat' dir='ltr'>excellit,</span> <span class='ocrx_word' id='word_1_51' title='bbox 516 704 695 758; x_wconf 84' lang='lat' dir='ltr'>itamaxime</span> <span class='ocrx_word' id='word_1_52' title='bbox 709 704 773 756; x_wconf 86' lang='lat' dir='ltr'>vult</span> <span class='ocrx_word' id='word_1_53' title='bbox 789 705 919 773; x_wconf 90' lang='lat' dir='ltr'>princeps</span> <span class='ocrx_word' id='word_1_54' title='bbox 937 722 994 756; x_wconf 94' lang='lat' dir='ltr'>om-</span> 
     </span>
     <span class='ocr_line' id='line_1_9' title="bbox 155 784 994 856; baseline 0 -18"><span class='ocrx_word' id='word_1_55' title='bbox 155 787 234 839; x_wconf 91' lang='lat' dir='ltr'>nium</span> <span class='ocrx_word' id='word_1_56' title='bbox 250 787 295 839; x_wconf 89' lang='lat' dir='ltr'>vel</span> <span class='ocrx_word' id='word_1_57' title='bbox 311 786 406 856; x_wconf 88' lang='lat' dir='ltr'>potius</span> <span class='ocrx_word' id='word_1_58' title='bbox 424 786 499 838; x_wconf 90' lang='lat' dir='ltr'>solus</span> <span class='ocrx_word' id='word_1_59' title='bbox 517 801 582 839; x_wconf 87' lang='lat' dir='ltr'>esse.</span> <span class='ocrx_word' id='word_1_60' title='bbox 620 784 740 838; x_wconf 88' lang='lat' dir='ltr'>Difficile</span> <span class='ocrx_word' id='word_1_61' title='bbox 759 789 853 837; x_wconf 88' lang='lat' dir='ltr'>autem</span> <span class='ocrx_word' id='word_1_62' title='bbox 867 790 916 852; x_wconf 89' lang='lat' dir='ltr'>est,</span> <span class='ocrx_word' id='word_1_63' title='bbox 930 801 994 838; x_wconf 91' lang='lat' dir='ltr'>cum</span> 
     </span>
     <span class='ocr_line' id='line_1_10' title="bbox 155 864 993 936; baseline -0.001 -19"><span class='ocrx_word' id='word_1_64' title='bbox 155 871 294 936; x_wconf 86' lang='lat' dir='ltr'>praestare</span> <span class='ocrx_word' id='word_1_65' title='bbox 322 865 451 918; x_wconf 91' lang='lat' dir='ltr'>omnibus</span> <span class='ocrx_word' id='word_1_66' title='bbox 478 864 669 934; x_wconf 78' lang='lat' dir='ltr'>concupieris„</span> <span class='ocrx_word' id='word_1_67' title='bbox 682 881 790 918; x_wconf 82' lang='lat' dir='ltr'>serrare</span> <span class='ocrx_word' id='word_1_68' title='bbox 817 864 993 932; x_wconf 83' lang='lat' dir='ltr'>aequitatem,</span> 
     </span>
     <span class='ocr_line' id='line_1_11' title="bbox 156 941 994 1015; baseline -0.001 -18"><span class='ocrx_word' id='word_1_69' title='bbox 156 962 226 1015; x_wconf 90' lang='lat' dir='ltr'>quae</span> <span class='ocrx_word' id='word_1_70' title='bbox 241 949 283 998; x_wconf 89' lang='lat' dir='ltr'>est</span> <span class='ocrx_word' id='word_1_71' title='bbox 295 945 419 998; x_wconf 90' lang='lat' dir='ltr'>iustitiae</span> <span class='ocrx_word' id='word_1_72' title='bbox 434 945 554 998; x_wconf 87' lang='lat' dir='ltr'>maxime</span> <span class='ocrx_word' id='word_1_73' title='bbox 569 945 689 1014; x_wconf 89' lang='lat' dir='ltr'>propria.</span> <span class='ocrx_word' id='word_1_74' title='bbox 725 946 770 996; x_wconf 86' lang='lat' dir='ltr'>Ex</span> <span class='ocrx_word' id='word_1_75' title='bbox 786 961 841 1014; x_wconf 93' lang='lat' dir='ltr'>quo</span> <span class='ocrx_word' id='word_1_76' title='bbox 855 945 887 996; x_wconf 91' lang='lat' dir='ltr'>fit</span> <span class='ocrx_word' id='word_1_77' title='bbox 902 950 934 996; x_wconf 93' lang='lat' dir='ltr'>ut</span> <span class='ocrx_word' id='word_1_78' title='bbox 947 941 994 996; x_wconf 82' lang='lat' dir='ltr'>ire-</span> 
     </span>
     <span class='ocr_line' id='line_1_12' title="bbox 156 1025 994 1095; baseline -0.002 -17"><span class='ocrx_word' id='word_1_79' title='bbox 156 1043 210 1095; x_wconf 89' lang='lat' dir='ltr'>que</span> <span class='ocrx_word' id='word_1_80' title='bbox 223 1025 427 1095; x_wconf 87' lang='lat' dir='ltr'>disceptatione</span> <span class='ocrx_word' id='word_1_81' title='bbox 437 1025 513 1079; x_wconf 88' lang='lat' dir='ltr'>vinci</span> <span class='ocrx_word' id='word_1_82' title='bbox 526 1042 554 1078; x_wconf 88' lang='lat' dir='ltr'>se</span> <span class='ocrx_word' id='word_1_83' title='bbox 567 1041 617 1078; x_wconf 91' lang='lat' dir='ltr'>nec</span> <span class='ocrx_word' id='word_1_84' title='bbox 626 1027 685 1077; x_wconf 94' lang='lat' dir='ltr'>ullo</span> <span class='ocrx_word' id='word_1_85' title='bbox 697 1025 812 1094; x_wconf 91' lang='lat' dir='ltr'>publico</span> <span class='ocrx_word' id='word_1_86' title='bbox 825 1029 857 1077; x_wconf 87' lang='lat' dir='ltr'>ac</span> <span class='ocrx_word' id='word_1_87' title='bbox 867 1025 994 1094; x_wconf 87' lang='lat' dir='ltr'>legitimo</span> 
     </span>
     <span class='ocr_line' id='line_1_13' title="bbox 155 1105 1000 1176; baseline 0 -18"><span class='ocrx_word' id='word_1_88' title='bbox 155 1106 215 1158; x_wconf 90' lang='lat' dir='ltr'>iure</span> <span class='ocrx_word' id='word_1_89' title='bbox 234 1107 384 1176; x_wconf 88' lang='lat' dir='ltr'>patiantur,</span> <span class='ocrx_word' id='word_1_90' title='bbox 398 1105 592 1173; x_wconf 86' lang='lat' dir='ltr'>exsistuntque</span> <span class='ocrx_word' id='word_1_91' title='bbox 606 1105 637 1158; x_wconf 92' lang='lat' dir='ltr'>in</span> <span class='ocrx_word' id='word_1_92' title='bbox 654 1122 683 1158; x_wconf 93' lang='lat' dir='ltr'>re</span> <span class='ocrx_word' id='word_1_93' title='bbox 700 1105 815 1174; x_wconf 91' lang='lat' dir='ltr'>publica</span> <span class='ocrx_word' id='word_1_94' title='bbox 831 1107 1000 1174; x_wconf 86' lang='lat' dir='ltr'>plerumque·</span> 
     </span>
     <span class='ocr_line' id='line_1_14' title="bbox 156 1185 994 1256; baseline -0.001 -17"><span class='ocrx_word' id='word_1_95' title='bbox 156 1187 301 1256; x_wconf 84' lang='lat' dir='ltr'>largitores</span> <span class='ocrx_word' id='word_1_96' title='bbox 321 1191 348 1240; x_wconf 90' lang='lat' dir='ltr'>et</span> <span class='ocrx_word' id='word_1_97' title='bbox 367 1185 485 1254; x_wconf 86' lang='lat' dir='ltr'>factiosi,</span> <span class='ocrx_word' id='word_1_98' title='bbox 501 1191 534 1238; x_wconf 89' lang='lat' dir='ltr'>ut</span> <span class='ocrx_word' id='word_1_99' title='bbox 554 1201 621 1254; x_wconf 89' lang='lat' dir='ltr'>opes</span> <span class='ocrx_word' id='word_1_100' title='bbox 641 1202 725 1254; x_wconf 89' lang='lat' dir='ltr'>qnam</span> <span class='ocrx_word' id='word_1_101' title='bbox 744 1185 890 1238; x_wconf 66' lang='lat' dir='ltr'>maximas,</span> <span class='ocrx_word' id='word_1_102' title='bbox 901 1203 994 1238; x_wconf 90' lang='lat' dir='ltr'>consc-</span> 
     </span>
     <span class='ocr_line' id='line_1_15' title="bbox 156 1267 993 1336; baseline 0.004 -18"><span class='ocrx_word' id='word_1_103' title='bbox 156 1273 278 1334; x_wconf 89' lang='lat' dir='ltr'>quantur</span> <span class='ocrx_word' id='word_1_104' title='bbox 287 1273 315 1320; x_wconf 89' lang='lat' dir='ltr'>et</span> <span class='ocrx_word' id='word_1_105' title='bbox 323 1267 418 1320; x_wconf 89' lang='lat' dir='ltr'>sintvi</span> <span class='ocrx_word' id='word_1_106' title='bbox 427 1273 522 1336; x_wconf 90' lang='lat' dir='ltr'>potius</span> <span class='ocrx_word' id='word_1_107' title='bbox 533 1267 687 1335; x_wconf 88' lang='lat' dir='ltr'>superiores</span> <span class='ocrx_word' id='word_1_108' title='bbox 697 1283 781 1334; x_wconf 86' lang='lat' dir='ltr'>quam</span> <span class='ocrx_word' id='word_1_109' title='bbox 790 1267 898 1318; x_wconf 89' lang='lat' dir='ltr'>iustitia</span> <span class='ocrx_word' id='word_1_110' title='bbox 905 1269 993 1334; x_wconf 84' lang='lat' dir='ltr'>pares.</span> 
     </span>
     <span class='ocr_line' id='line_1_16' title="bbox 157 1347 995 1415; baseline -0.001 -15"><span class='ocrx_word' id='word_1_111' title='bbox 157 1348 212 1400; x_wconf 81' lang='lat' dir='ltr'>Sed</span> <span class='ocrx_word' id='word_1_112' title='bbox 226 1364 282 1415; x_wconf 92' lang='lat' dir='ltr'>quo</span> <span class='ocrx_word' id='word_1_113' title='bbox 295 1347 445 1413; x_wconf 89' lang='lat' dir='ltr'>difficilius,</span> <span class='ocrx_word' id='word_1_114' title='bbox 458 1349 512 1400; x_wconf 92' lang='lat' dir='ltr'>hoc</span> <span class='ocrx_word' id='word_1_115' title='bbox 524 1347 701 1415; x_wconf 82' lang='lat' dir='ltr'>praeclarius,</span> <span class='ocrx_word' id='word_1_116' title='bbox 733 1347 851 1398; x_wconf 89' lang='lat' dir='ltr'>Nullum</span> <span class='ocrx_word' id='word_1_117' title='bbox 864 1347 938 1399; x_wconf 90' lang='lat' dir='ltr'>enirn</span> <span class='ocrx_word' id='word_1_118' title='bbox 953 1353 995 1399; x_wconf 88' lang='lat' dir='ltr'>est</span> 
     </span>
     <span class='ocr_line' id='line_1_17' title="bbox 156 1425 995 1497; baseline -0.004 -17"><span class='ocrx_word' id='word_1_119' title='bbox 156 1433 266 1497; x_wconf 90' lang='lat' dir='ltr'>tempus</span> <span class='ocrx_word' id='word_1_120' title='bbox 279 1428 356 1495; x_wconf 90' lang='lat' dir='ltr'>quod</span> <span class='ocrx_word' id='word_1_121' title='bbox 368 1427 476 1480; x_wconf 84' lang='lat' dir='ltr'>iustitia</span> <span class='ocrx_word' id='word_1_122' title='bbox 489 1443 586 1480; x_wconf 87' lang='lat' dir='ltr'>vacare</span> <span class='ocrx_word' id='word_1_123' title='bbox 600 1427 708 1478; x_wconf 86' lang='lat' dir='ltr'>debeat.</span> <span class='ocrx_word' id='word_1_124' title='bbox 728 1429 782 1479; x_wconf 70' lang='lat' dir='ltr'>td.</span> <span class='ocrx_word' id='word_1_125' title='bbox 798 1427 896 1478; x_wconf 83' lang='lat' dir='ltr'>Fortes</span> <span class='ocrx_word' id='word_1_126' title='bbox 908 1425 995 1494; x_wconf 83' lang='lat' dir='ltr'>igitur</span> 
     </span>
     <span class='ocr_line' id='line_1_18' title="bbox 156 1505 996 1576; baseline -0.004 -16"><span class='ocrx_word' id='word_1_127' title='bbox 156 1514 185 1560; x_wconf 92' lang='lat' dir='ltr'>ct</span> <span class='ocrx_word' id='word_1_128' title='bbox 199 1507 370 1576; x_wconf 85' lang='lat' dir='ltr'>magnanimi</span> <span class='ocrx_word' id='word_1_129' title='bbox 388 1515 453 1560; x_wconf 91' lang='lat' dir='ltr'>suut</span> <span class='ocrx_word' id='word_1_130' title='bbox 467 1506 591 1559; x_wconf 90' lang='lat' dir='ltr'>habendi</span> <span class='ocrx_word' id='word_1_131' title='bbox 609 1521 666 1558; x_wconf 92' lang='lat' dir='ltr'>non</span> <span class='ocrx_word' id='word_1_132' title='bbox 685 1505 733 1572; x_wconf 94' lang='lat' dir='ltr'>qui</span> <span class='ocrx_word' id='word_1_133' title='bbox 751 1505 867 1573; x_wconf 84' lang='lat' dir='ltr'>faciunt,</span> <span class='ocrx_word' id='word_1_134' title='bbox 881 1507 930 1558; x_wconf 92' lang='lat' dir='ltr'>sed</span> <span class='ocrx_word' id='word_1_135' title='bbox 946 1506 996 1572; x_wconf 90' lang='lat' dir='ltr'>qui</span> 
     </span>
     <span class='ocr_line' id='line_1_19' title="bbox 155 1585 996 1657; baseline -0.002 -17"><span class='ocrx_word' id='word_1_136' title='bbox 155 1589 321 1657; x_wconf 89' lang='lat' dir='ltr'>propulsant</span> <span class='ocrx_word' id='word_1_137' title='bbox 345 1587 483 1642; x_wconf 90' lang='lat' dir='ltr'>iniuriam.</span> <span class='ocrx_word' id='word_1_138' title='bbox 518 1589 591 1642; x_wconf 89' lang='lat' dir='ltr'>Vera</span> <span class='ocrx_word' id='word_1_139' title='bbox 613 1591 706 1639; x_wconf 89' lang='lat' dir='ltr'>autem</span> <span class='ocrx_word' id='word_1_140' title='bbox 729 1589 762 1638; x_wconf 80' lang='lat' dir='ltr'>et&#39;</span> <span class='ocrx_word' id='word_1_141' title='bbox 777 1585 895 1654; x_wconf 64' lang='lat' dir='ltr'>sapiensr</span> <span class='ocrx_word' id='word_1_142' title='bbox 909 1586 996 1638; x_wconf 91' lang='lat' dir='ltr'>animi</span> 
     </span>
     <span class='ocr_line' id='line_1_20' title="bbox 156 1665 995 1736; baseline -0.001 -17"><span class='ocrx_word' id='word_1_143' title='bbox 156 1667 323 1736; x_wconf 85' lang='lat' dir='ltr'>magnitudo</span> <span class='ocrx_word' id='word_1_144' title='bbox 340 1669 489 1720; x_wconf 91' lang='lat' dir='ltr'>honestum</span> <span class='ocrx_word' id='word_1_145' title='bbox 509 1667 588 1734; x_wconf 90' lang='lat' dir='ltr'>illud,</span> <span class='ocrx_word' id='word_1_146' title='bbox 604 1667 681 1734; x_wconf 88' lang='lat' dir='ltr'>quod</span> <span class='ocrx_word' id='word_1_147' title='bbox 701 1665 822 1718; x_wconf 85' lang='lat' dir='ltr'>maxime</span> <span class='ocrx_word' id='word_1_148' title='bbox 841 1671 938 1718; x_wconf 88' lang='lat' dir='ltr'>natura</span> <span class='ocrx_word' id='word_1_149' title='bbox 957 1682 995 1718; x_wconf 89' lang='lat' dir='ltr'>se·</span> 
     </span>
     <span class='ocr_line' id='line_1_21' title="bbox 157 1745 995 1816; baseline -0.001 -17"><span class='ocrx_word' id='word_1_150' title='bbox 157 1747 259 1815; x_wconf 89' lang='lat' dir='ltr'>quitur,</span> <span class='ocrx_word' id='word_1_151' title='bbox 272 1748 302 1800; x_wconf 94' lang='lat' dir='ltr'>in</span> <span class='ocrx_word' id='word_1_152' title='bbox 316 1747 397 1800; x_wconf 86' lang='lat' dir='ltr'>factis</span> <span class='ocrx_word' id='word_1_153' title='bbox 410 1747 541 1816; x_wconf 89' lang='lat' dir='ltr'>positum,</span> <span class='ocrx_word' id='word_1_154' title='bbox 557 1763 613 1798; x_wconf 91' lang='lat' dir='ltr'>non</span> <span class='ocrx_word' id='word_1_155' title='bbox 626 1746 656 1798; x_wconf 90' lang='lat' dir='ltr'>in</span> <span class='ocrx_word' id='word_1_156' title='bbox 671 1746 761 1815; x_wconf 87' lang='lat' dir='ltr'>gloria</span> <span class='ocrx_word' id='word_1_157' title='bbox 773 1745 881 1798; x_wconf 90' lang='lat' dir='ltr'>iudicat</span> <span class='ocrx_word' id='word_1_158' title='bbox 894 1746 995 1815; x_wconf 89' lang='lat' dir='ltr'>princi-</span> 
     </span>
     <span class='ocr_line' id='line_1_22' title="bbox 156 1826 996 1896; baseline 0 -18"><span class='ocrx_word' id='word_1_159' title='bbox 156 1843 274 1896; x_wconf 90' lang='lat' dir='ltr'>pemque</span> <span class='ocrx_word' id='word_1_160' title='bbox 290 1843 319 1880; x_wconf 90' lang='lat' dir='ltr'>se</span> <span class='ocrx_word' id='word_1_161' title='bbox 334 1843 391 1880; x_wconf 90' lang='lat' dir='ltr'>esse</span> <span class='ocrx_word' id='word_1_162' title='bbox 406 1829 513 1880; x_wconf 85' lang='lat' dir='ltr'>mavult</span> <span class='ocrx_word' id='word_1_163' title='bbox 531 1826 726 1894; x_wconf 74' lang='lat' dir='ltr'>quanivideri.</span> <span class='ocrx_word' id='word_1_164' title='bbox 763 1827 875 1878; x_wconf 85' lang='lat' dir='ltr'>Etenim</span> <span class='ocrx_word' id='word_1_165' title='bbox 894 1826 943 1894; x_wconf 90' lang='lat' dir='ltr'>qui</span> <span class='ocrx_word' id='word_1_166' title='bbox 959 1843 996 1878; x_wconf 85' lang='lat' dir='ltr'>ex</span> 
     </span>
     <span class='ocr_line' id='line_1_23' title="bbox 156 1906 996 1976; baseline -0.002 -18"><span class='ocrx_word' id='word_1_167' title='bbox 156 1923 245 1960; x_wconf 88' lang='lat' dir='ltr'>errore</span> <span class='ocrx_word' id='word_1_168' title='bbox 264 1907 408 1976; x_wconf 88' lang='lat' dir='ltr'>imperitae</span> <span class='ocrx_word' id='word_1_169' title='bbox 428 1907 620 1960; x_wconf 90' lang='lat' dir='ltr'>multitudinis</span> <span class='ocrx_word' id='word_1_170' title='bbox 639 1908 751 1976; x_wconf 87' lang='lat' dir='ltr'>pendet,</span> <span class='ocrx_word' id='word_1_171' title='bbox 772 1908 819 1960; x_wconf 88' lang='lat' dir='ltr'>lric</span> <span class='ocrx_word' id='word_1_172' title='bbox 836 1908 867 1959; x_wconf 92' lang='lat' dir='ltr'>in</span> <span class='ocrx_word' id='word_1_173' title='bbox 886 1906 996 1974; x_wconf 86' lang='lat' dir='ltr'>magnis</span> 
     </span>
     <span class='ocr_line' id='line_1_24' title="bbox 156 1986 996 2041; baseline -0.001 -3"><span class='ocrx_word' id='word_1_174' title='bbox 156 1987 223 2040; x_wconf 89' lang='lat' dir='ltr'>viris</span> <span class='ocrx_word' id='word_1_175' title='bbox 235 2004 292 2040; x_wconf 92' lang='lat' dir='ltr'>non</span> <span class='ocrx_word' id='word_1_176' title='bbox 304 1993 345 2040; x_wconf 89' lang='lat' dir='ltr'>est</span> <span class='ocrx_word' id='word_1_177' title='bbox 356 1988 512 2041; x_wconf 89' lang='lat' dir='ltr'>habendus.</span> <span class='ocrx_word' id='word_1_178' title='bbox 543 1986 688 2040; x_wconf 74' lang='lat' dir='ltr'>Facillime</span> <span class='ocrx_word' id='word_1_179' title='bbox 702 1994 795 2040; x_wconf 88' lang='lat' dir='ltr'>autem</span> <span class='ocrx_word' id='word_1_180' title='bbox 809 1988 845 2040; x_wconf 90' lang='lat' dir='ltr'>ad</span> <span class='ocrx_word' id='word_1_181' title='bbox 857 2003 900 2039; x_wconf 90' lang='lat' dir='ltr'>res</span> <span class='ocrx_word' id='word_1_182' title='bbox 912 1987 996 2038; x_wconf 91' lang='lat' dir='ltr'>inius-</span> 
     </span>
     <span class='ocr_line' id='line_1_25' title="bbox 156 2067 996 2137; baseline 0.001 -18"><span class='ocrx_word' id='word_1_183' title='bbox 156 2071 200 2120; x_wconf 87' lang='lat' dir='ltr'>tas</span> <span class='ocrx_word' id='word_1_184' title='bbox 215 2068 376 2137; x_wconf 85' lang='lat' dir='ltr'>impellitur,</span> <span class='ocrx_word' id='word_1_185' title='bbox 386 2073 419 2121; x_wconf 90' lang='lat' dir='ltr'>ut</span> <span class='ocrx_word' id='word_1_186' title='bbox 435 2068 553 2136; x_wconf 89' lang='lat' dir='ltr'>quisque</span> <span class='ocrx_word' id='word_1_187' title='bbox 569 2067 705 2120; x_wconf 86' lang='lat' dir='ltr'>altissimo</span> <span class='ocrx_word' id='word_1_188' title='bbox 721 2067 814 2120; x_wconf 90' lang='lat' dir='ltr'>animo</span> <span class='ocrx_word' id='word_1_189' title='bbox 829 2073 877 2134; x_wconf 88' lang='lat' dir='ltr'>cst,</span> <span class='ocrx_word' id='word_1_190' title='bbox 891 2069 996 2137; x_wconf 84' lang='lat' dir='ltr'>gloriae</span> 
     </span>
     <span class='ocr_line' id='line_1_26' title="bbox 156 2147 996 2215; baseline -0.002 -15"><span class='ocrx_word' id='word_1_191' title='bbox 156 2147 328 2215; x_wconf 88' lang='lat' dir='ltr'>cupiditate:</span> <span class='ocrx_word' id='word_1_192' title='bbox 348 2149 397 2214; x_wconf 93' lang='lat' dir='ltr'>qui</span> <span class='ocrx_word' id='word_1_193' title='bbox 415 2150 492 2200; x_wconf 92' lang='lat' dir='ltr'>locus</span> <span class='ocrx_word' id='word_1_194' title='bbox 511 2153 553 2200; x_wconf 90' lang='lat' dir='ltr'>est</span> <span class='ocrx_word' id='word_1_195' title='bbox 571 2163 636 2199; x_wconf 86' lang='lat' dir='ltr'>sane</span> <span class='ocrx_word' id='word_1_196' title='bbox 654 2147 785 2213; x_wconf 86' lang='lat' dir='ltr'>lubricus,</span> <span class='ocrx_word' id='word_1_197' title='bbox 796 2149 874 2215; x_wconf 87' lang='lat' dir='ltr'>quod</span> <span class='ocrx_word' id='word_1_198' title='bbox 889 2150 937 2199; x_wconf 89' lang='lat' dir='ltr'>vix</span> <span class='ocrx_word' id='word_1_199' title='bbox 956 2149 996 2198; x_wconf 92' lang='lat' dir='ltr'>in-</span> 
     </span>
     <span class='ocr_line' id='line_1_27' title="bbox 156 2227 1040 2296; baseline 0.001 -18"><span class='ocrx_word' id='word_1_200' title='bbox 156 2227 275 2290; x_wconf 86' lang='lat' dir='ltr'>venitur,</span> <span class='ocrx_word' id='word_1_201' title='bbox 287 2227 336 2292; x_wconf 91' lang='lat' dir='ltr'>qui</span> <span class='ocrx_word' id='word_1_202' title='bbox 347 2227 489 2278; x_wconf 91' lang='lat' dir='ltr'>laboribus</span> <span class='ocrx_word' id='word_1_203' title='bbox 499 2227 632 2296; x_wconf 88' lang='lat' dir='ltr'>susceptis</span> <span class='ocrx_word' id='word_1_204' title='bbox 644 2227 829 2295; x_wconf 88' lang='lat' dir='ltr'>periculisque</span> <span class='ocrx_word' id='word_1_205' title='bbox 840 2227 925 2279; x_wconf 88' lang='lat' dir='ltr'>aditis</span> <span class='ocrx_word' id='word_1_206' title='bbox 938 2245 997 2279; x_wconf 91' lang='lat' dir='ltr'>non</span> <span class='ocrx_word' id='word_1_207' title='bbox 1034 2249 1040 2264; x_wconf 91' lang='lat'><em>·</em></span> 
     </span>
     <span class='ocr_line' id='line_1_28' title="bbox 157 2305 954 2378; baseline 0.001 -20"><span class='ocrx_word' id='word_1_208' title='bbox 157 2305 236 2373; x_wconf 90' lang='lat' dir='ltr'>quasi</span> <span class='ocrx_word' id='word_1_209' title='bbox 250 2306 406 2357; x_wconf 88' lang='lat' dir='ltr'>mercedem</span> <span class='ocrx_word' id='word_1_210' title='bbox 418 2321 508 2357; x_wconf 90' lang='lat' dir='ltr'>rerum</span> <span class='ocrx_word' id='word_1_211' title='bbox 522 2313 663 2378; x_wconf 82' lang='lat' dir='ltr'>gestarum</span> <span class='ocrx_word' id='word_1_212' title='bbox 677 2307 816 2359; x_wconf 86' lang='lat' dir='ltr'>desideret</span> <span class='ocrx_word' id='word_1_213' title='bbox 830 2307 954 2374; x_wconf 89' lang='lat' dir='ltr'>gloriam.</span> 
     </span>
     <span class='ocr_line' id='line_1_29' title="bbox 191 2385 996 2454; baseline 0.001 -16"><span class='ocrx_word' id='word_1_214' title='bbox 191 2387 254 2439; x_wconf 90' lang='lat' dir='ltr'>XX.</span> <span class='ocrx_word' id='word_1_215' title='bbox 287 2387 328 2439; x_wconf 84' lang='grc'>66.</span> <span class='ocrx_word' id='word_1_216' title='bbox 346 2385 467 2438; x_wconf 92' lang='lat' dir='ltr'>Omnino</span> <span class='ocrx_word' id='word_1_217' title='bbox 481 2385 561 2437; x_wconf 86' lang='lat' dir='ltr'>fortis</span> <span class='ocrx_word' id='word_1_218' title='bbox 580 2386 688 2438; x_wconf 88' lang='lat' dir='ltr'>animus</span> <span class='ocrx_word' id='word_1_219' title='bbox 707 2392 735 2439; x_wconf 90' lang='lat' dir='ltr'>et</span> <span class='ocrx_word' id='word_1_220' title='bbox 753 2402 871 2454; x_wconf 86' lang='lat' dir='ltr'>magnus</span> <span class='ocrx_word' id='word_1_221' title='bbox 888 2387 996 2440; x_wconf 88' lang='lat' dir='ltr'>duabus</span> 
     </span>
     <span class='ocr_line' id='line_1_30' title="bbox 156 2465 997 2534; baseline 0.001 -16"><span class='ocrx_word' id='word_1_222' title='bbox 156 2466 238 2518; x_wconf 87' lang='lat' dir='ltr'>rebus</span> <span class='ocrx_word' id='word_1_223' title='bbox 251 2465 371 2518; x_wconf 86' lang='lat' dir='ltr'>maxime</span> <span class='ocrx_word' id='word_1_224' title='bbox 385 2465 514 2530; x_wconf 90' lang='lat' dir='ltr'>cernitur,</span> <span class='ocrx_word' id='word_1_225' title='bbox 527 2482 644 2534; x_wconf 88' lang='lat' dir='ltr'>quarum</span> <span class='ocrx_word' id='word_1_226' title='bbox 657 2482 712 2532; x_wconf 82' lang='lat' dir='ltr'>una</span> <span class='ocrx_word' id='word_1_227' title='bbox 725 2466 755 2517; x_wconf 92' lang='lat' dir='ltr'>in</span> <span class='ocrx_word' id='word_1_228' title='bbox 770 2482 860 2518; x_wconf 87' lang='lat' dir='ltr'>rerum</span> <span class='ocrx_word' id='word_1_229' title='bbox 874 2471 997 2519; x_wconf 88' lang='lat' dir='ltr'>externa-</span> 
     </span>
     <span class='ocr_line' id='line_1_31' title="bbox 157 2546 997 2616; baseline 0.001 -18"><span class='ocrx_word' id='word_1_230' title='bbox 157 2563 219 2598; x_wconf 91' lang='lat' dir='ltr'>rum</span> <span class='ocrx_word' id='word_1_231' title='bbox 240 2546 423 2616; x_wconf 88' lang='lat' dir='ltr'>despicientia</span> <span class='ocrx_word' id='word_1_232' title='bbox 445 2547 566 2615; x_wconf 88' lang='lat' dir='ltr'>ponitur,</span> <span class='ocrx_word' id='word_1_233' title='bbox 586 2563 650 2599; x_wconf 89' lang='lat' dir='ltr'>cum</span> <span class='ocrx_word' id='word_1_234' title='bbox 674 2563 834 2615; x_wconf 90' lang='lat' dir='ltr'>persuasum</span> <span class='ocrx_word' id='word_1_235' title='bbox 858 2553 899 2599; x_wconf 89' lang='lat' dir='ltr'>est</span> <span class='ocrx_word' id='word_1_236' title='bbox 925 2547 997 2599; x_wconf 90' lang='lat' dir='ltr'>nihil</span> 
     </span>
     <span class='ocr_line' id='line_1_32' title="bbox 157 2625 997 2695; baseline 0.002 -18"><span class='ocrx_word' id='word_1_237' title='bbox 157 2625 299 2678; x_wconf 88' lang='lat' dir='ltr'>hominem</span> <span class='ocrx_word' id='word_1_238' title='bbox 323 2626 377 2680; x_wconf 91' lang='lat' dir='ltr'>nisi</span> <span class='ocrx_word' id='word_1_239' title='bbox 401 2627 479 2694; x_wconf 88' lang='lat' dir='ltr'>quod</span> <span class='ocrx_word' id='word_1_240' title='bbox 504 2627 650 2679; x_wconf 87' lang='lat' dir='ltr'>honestum</span> <span class='ocrx_word' id='word_1_241' title='bbox 676 2628 862 2695; x_wconf 87' lang='lat' dir='ltr'>decorumque</span> <span class='ocrx_word' id='word_1_242' title='bbox 888 2628 924 2679; x_wconf 88' lang='lat' dir='ltr'>sit</span> <span class='ocrx_word' id='word_1_243' title='bbox 948 2632 997 2679; x_wconf 90' lang='lat' dir='ltr'>aut</span> 
     </span>
     <span class='ocr_line' id='line_1_33' title="bbox 157 2705 997 2776; baseline -0.001 -16"><span class='ocrx_word' id='word_1_244' title='bbox 157 2705 290 2768; x_wconf 82' lang='lat' dir='ltr'>admirari</span> <span class='ocrx_word' id='word_1_245' title='bbox 311 2713 360 2760; x_wconf 91' lang='lat' dir='ltr'>aut</span> <span class='ocrx_word' id='word_1_246' title='bbox 382 2713 478 2774; x_wconf 91' lang='lat' dir='ltr'>optare</span> <span class='ocrx_word' id='word_1_247' title='bbox 499 2714 548 2758; x_wconf 86' lang='lat' dir='ltr'>aut</span> <span class='ocrx_word' id='word_1_248' title='bbox 566 2714 694 2776; x_wconf 85' lang='lat' dir='ltr'>expetere</span> <span class='ocrx_word' id='word_1_249' title='bbox 717 2713 851 2775; x_wconf 89' lang='lat' dir='ltr'>oportere,</span> <span class='ocrx_word' id='word_1_250' title='bbox 871 2707 997 2775; x_wconf 87' lang='lat' dir='ltr'>nullique</span> 
     </span>
     <span class='ocr_line' id='line_1_34' title="bbox 157 2787 996 2854; baseline 0 -16"><span class='ocrx_word' id='word_1_251' title='bbox 157 2802 246 2854; x_wconf 87' lang='lat' dir='ltr'>neque</span> <span class='ocrx_word' id='word_1_252' title='bbox 261 2787 369 2839; x_wconf 87' lang='lat' dir='ltr'>homini</span> <span class='ocrx_word' id='word_1_253' title='bbox 381 2802 471 2854; x_wconf 87' lang='lat' dir='ltr'>neque</span> <span class='ocrx_word' id='word_1_254' title='bbox 484 2787 690 2854; x_wconf 85' lang='lat' dir='ltr'>perturbationi</span> <span class='ocrx_word' id='word_1_255' title='bbox 703 2787 790 2839; x_wconf 92' lang='lat' dir='ltr'>animi</span> <span class='ocrx_word' id='word_1_256' title='bbox 803 2803 854 2840; x_wconf 88' lang='lat' dir='ltr'>nec</span> <span class='ocrx_word' id='word_1_257' title='bbox 868 2787 996 2840; x_wconf 86' lang='lat' dir='ltr'>fortunae</span> 
     </span>
     <span class='ocr_line' id='line_1_35' title="bbox 158 2866 997 2933; baseline -0.002 -16"><span class='ocrx_word' id='word_1_258' title='bbox 158 2866 344 2918; x_wconf 90' lang='lat' dir='ltr'>succumbere.</span> <span class='ocrx_word' id='word_1_259' title='bbox 381 2867 478 2917; x_wconf 82' lang='lat' dir='ltr'>Altera</span> <span class='ocrx_word' id='word_1_260' title='bbox 496 2870 538 2916; x_wconf 88' lang='lat' dir='ltr'>est</span> <span class='ocrx_word' id='word_1_261' title='bbox 556 2882 606 2933; x_wconf 78' lang='lat' dir='ltr'>rea,</span> <span class='ocrx_word' id='word_1_262' title='bbox 620 2871 659 2932; x_wconf 91' lang='lat' dir='ltr'>ut,</span> <span class='ocrx_word' id='word_1_263' title='bbox 673 2882 737 2918; x_wconf 87' lang='lat' dir='ltr'>oum</span> <span class='ocrx_word' id='word_1_264' title='bbox 755 2866 796 2918; x_wconf 89' lang='lat' dir='ltr'>ita</span> <span class='ocrx_word' id='word_1_265' title='bbox 814 2866 851 2918; x_wconf 88' lang='lat' dir='ltr'>sis</span> <span class='ocrx_word' id='word_1_266' title='bbox 870 2866 997 2918; x_wconf 88' lang='lat' dir='ltr'>adfectus</span> 
     </span>
     <span class='ocr_line' id='line_1_36' title="bbox 157 2944 997 3014; baseline -0.001 -19"><span class='ocrx_word' id='word_1_267' title='bbox 157 2944 258 3012; x_wconf 85' lang='lat' dir='ltr'>anim0‚</span> <span class='ocrx_word' id='word_1_268' title='bbox 269 2951 301 2998; x_wconf 91' lang='lat' dir='ltr'>ut</span> <span class='ocrx_word' id='word_1_269' title='bbox 314 2961 397 3014; x_wconf 87' lang='lat' dir='ltr'>supra</span> <span class='ocrx_word' id='word_1_270' title='bbox 411 2945 479 3010; x_wconf 88' lang='lat' dir='ltr'>dixi,</span> <span class='ocrx_word' id='word_1_271' title='bbox 491 2960 533 2996; x_wconf 92' lang='lat' dir='ltr'>res</span> <span class='ocrx_word' id='word_1_272' title='bbox 545 2961 625 3014; x_wconf 85' lang='lat' dir='ltr'>geras</span> <span class='ocrx_word' id='word_1_273' title='bbox 636 2961 753 3014; x_wconf 77' lang='lat' dir='ltr'>magnas</span> <span class='ocrx_word' id='word_1_274' title='bbox 766 2945 829 2996; x_wconf 88' lang='lat' dir='ltr'>illas</span> <span class='ocrx_word' id='word_1_275' title='bbox 843 2945 956 3012; x_wconf 87' lang='lat' dir='ltr'>quidem</span> <span class='ocrx_word' id='word_1_276' title='bbox 970 2948 997 2995; x_wconf 87' lang='lat' dir='ltr'>et</span> 
     </span>
     <span class='ocr_line' id='line_1_37' title="bbox 157 3025 997 3091; baseline -0.002 -15"><span class='ocrx_word' id='word_1_277' title='bbox 157 3025 279 3076; x_wconf 84' lang='lat' dir='ltr'>mraxime</span> <span class='ocrx_word' id='word_1_278' title='bbox 301 3026 389 3090; x_wconf 71' lang='lat' dir='ltr'>utiles</span> <span class='ocrx_word' id='word_1_279' title='bbox 407 3026 456 3076; x_wconf 88' lang='lat' dir='ltr'>sed</span> <span class='ocrx_word' id='word_1_280' title='bbox 477 3029 508 3076; x_wconf 90' lang='lat' dir='ltr'>ut</span> <span class='ocrx_word' id='word_1_281' title='bbox 526 3026 706 3078; x_wconf 90' lang='lat' dir='ltr'>vehementer</span> <span class='ocrx_word' id='word_1_282' title='bbox 726 3027 827 3078; x_wconf 90' lang='lat' dir='ltr'>arduas</span> <span class='ocrx_word' id='word_1_283' title='bbox 846 3025 997 3091; x_wconf 88' lang='lat' dir='ltr'>plenasque</span> 
     </span>
     <span class='ocr_line' id='line_1_38' title="bbox 134 3102 998 3172; baseline -0.005 -16"><span class='ocrx_word' id='word_1_284' title='bbox 134 3139 138 3148; x_wconf 86' lang='lat'>·</span> <span class='ocrx_word' id='word_1_285' title='bbox 157 3103 285 3156; x_wconf 82' lang='lat' dir='ltr'>laborum</span> <span class='ocrx_word' id='word_1_286' title='bbox 300 3111 328 3156; x_wconf 88' lang='lat' dir='ltr'>et</span> <span class='ocrx_word' id='word_1_287' title='bbox 345 3103 531 3172; x_wconf 85' lang='lat' dir='ltr'>periculorum</span> <span class='ocrx_word' id='word_1_288' title='bbox 547 3119 610 3156; x_wconf 90' lang='lat' dir='ltr'>cum</span> <span class='ocrx_word' id='word_1_289' title='bbox 625 3105 699 3158; x_wconf 80' lang='lat' dir='ltr'>vitae</span> <span class='ocrx_word' id='word_1_290' title='bbox 714 3109 775 3154; x_wconf 90' lang='lat' dir='ltr'>tum</span> <span class='ocrx_word' id='word_1_291' title='bbox 792 3102 942 3155; x_wconf 85' lang='lat' dir='ltr'>multarum</span> <span class='ocrx_word' id='word_1_292' title='bbox 958 3116 998 3152; x_wconf 92' lang='lat' dir='ltr'>re-</span> 
     </span>
    </p>
   </div>
   <div class='ocr_carea' id='block_1_3' title="bbox 0 0 1144 3442">
    <p class='ocr_par' dir='ltr' id='par_1_3' title="bbox 0 0 1144 3442">
     <span class='ocr_line' id='line_1_39' title="bbox 0 0 1144 3442; baseline 0 0"><span class='ocrx_word' id='word_1_293' title='bbox 0 0 1144 3442; x_wconf 95' lang='lat' dir='ltr'> </span> 
     </span>
    </p>
   </div>
  </div>
 </body>
</html>
