2256 3448
280 142 348 190 nrn.
365 141 428 202 111,
444 141 523 191 ear.
540 142 709 204 xri-mu,
726 142 740 202 s
756 146 845 194 sate.
938 150 984 197 rer

143 225 290 278 aedificata
307 225 421 291 ratione,
435 225 523 276 multo
542 225 634 277 minus
651 226 701 294 qui
719 226 835 279 domum
853 243 911 280 non
926 229 984 282 lau-

142 307 254 358 darunt.
291 303 350 358 Ubi
371 304 447 356 enim
467 303 605 357 iudicium
628 307 761 374 emptoris
783 312 832 374 est,
849 308 891 360 ibi
909 307 985 362 frans
1043 335 1046 341 ·

141 385 298 438 venditoris
313 401 383 453 quae
398 388 492 453 potest
509 387 585 438 essel
622 385 671 437 Sin
690 393 784 439 autem
801 389 910 441 <lictum
928 406 985 442 non

142 483 224 519 omne
239 466 438 535 praestandum
454 470 503 532 est,
517 467 594 533 quod
607 467 716 518 dictum
731 484 788 519 non
803 473 852 537 est,
863 470 894 522 id
906 487 985 540 prae-

141 548 276 600 standum
296 547 398 615 putasl
435 544 511 611 Quid
531 562 597 598 vero
618 551 661 598 est
681 547 794 600 stultius
815 565 900 616 quam
919 567 985 604 ven·
1062 615 1063 620 Ἰ

142 627 264 679 (litarem
282 626 342 678 eius
359 624 407 692 rei,
421 641 505 693 quam
524 626 637 693 vendat,
651 625 720 680 vitiu
741 631 871 683 narraret
908 631 986 698 Quid

142 713 236 760 autem
248 712 307 759 tam
321 707 474 759 absurdum
487 711 570 772 quam
583 706 607 758 si
620 706 727 758 domini
739 707 817 760 iussu
831 709 872 762 ita
883 725 985 778 praeco

141 787 301 856 praedicet:
328 786 470 838 “domum
499 787 676 855 pestilentem
703 789 833 842 vendol”
869 792 912 843 56,
939 789 985 842 Sic

141 884 208 936 ergo
227 867 258 920 in
273 867 442 934 quibusdam
461 866 551 918 causis
570 866 664 920 dubiis
682 883 717 920 ex
736 869 822 920 altera
839 874 919 938 parte
939 869 986 921 de-

141 949 268 1000 fenditur
279 949 420 1013 honestae,
434 963 469 998 ex
483 947 570 999 altera
584 947 625 1000 ita
639 948 675 1000 de
690 948 812 1002 utilitate
828 949 940 1018 dicitur,
952 955 986 1002 ut

141 1029 180 1095 id,
191 1029 270 1097 quod
282 1027 352 1080 utile
362 1027 499 1095 videatur,
510 1044 567 1080 non
578 1027 664 1081 modo
676 1027 765 1082 faeere
778 1031 926 1084 honestum
939 1030 984 1097 sit,

142 1109 291 1162 sedetiam
305 1107 464 1160 nonfacere
477 1112 567 1176 turpe.
605 1109 682 1161 Haec
697 1113 739 1162 est
753 1109 810 1177 illa,
824 1127 894 1178 quae
907 1110 985 1163 virle-

141 1195 187 1242 tur
202 1189 315 1242 utilium
330 1188 390 1241 fieri
405 1205 468 1241 cum
483 1187 608 1241 honestis
627 1205 709 1257 saepe
725 1189 869 1245 dissensio.
907 1192 985 1257 Quae

142 1271 327 1324 diiudicanda
342 1274 424 1322 sunt:
442 1285 501 1320 non
516 1269 598 1336 cuim,
610 1273 642 1320 ut
654 1285 854 1336 quaereremus,
868 1287 985 1338 exposu-

141 1351 222 1418 imus,
242 1351 293 1402 sed
314 1354 347 1402 ut
368 1349 578 1418 explicaremus.
615 1351 657 1401 57.
677 1349 743 1399 Non
764 1347 853 1416 igitur
872 1349 985 1402 videtur

140 1448 192 1484 nec
207 1429 404 1494 frumentarius
422 1429 470 1481 ille
485 1428 613 1481 Rhodios
631 1444 683 1480 nec
697 1427 745 1480 hie
760 1428 873 1482 aedium
887 1429 984 1482 veneli-

140 1517 185 1564 tor
199 1512 289 1564 celare
307 1514 445 1578 emptores
460 1508 597 1562 debuisse.
635 1509 734 1577 Neque
749 1508 824 1561 enim
839 1509 870 1562 id
885 1515 928 1562 est
942 1526 985 1562 ce·

140 1593 205 1660 lare,
219 1589 360 1660 quidquid
375 1590 498 1656 reticeas,
511 1589 562 1640 sed
576 1605 647 1656 cum,
661 1589 739 1658 quod
753 1593 785 1642 tu
801 1589 879 1656 scias,
892 1589 924 1643 id
942 1590 984 1660 ig-

140 1688 238 1724 norare
251 1669 432 1724 emolumenti
445 1669 488 1721 tui
501 1685 583 1721 carisa
592 1669 663 1723 velis
676 1685 731 1737 eos,
743 1685 862 1738 quorum
874 1670 985 1724 intersit

139 1753 171 1805 id
185 1752 264 1806 scire.
301 1752 364 1803 Hoc
377 1755 470 1802 autem
485 1750 595 1802 celandi
610 1767 700 1819 genus
713 1753 795 1819 quale
812 1748 893 1805 sit'et
905 1753 985 1806 euius

139 1831 262 1886 hominis
277 1831 340 1899 quis
358 1847 415 1882 non
430 1831 527 1884 videti
564 1831 645 1884 Certe
660 1848 717 1884 non
737 1833 835 1901 aperti,
849 1850 906 1886 non
921 1834 984 1887 sim·

139 1913 229 1982 plicis,
248 1928 305 1964 non
325 1909 450 1979 ingenui,
467 1927 525 1962 nou
545 1910 620 1979 iusti,
636 1929 692 1965 non
711 1913 766 1966 viri
787 1914 862 1979 boni,
878 1914 984 1968 versuti

139 1995 241 2062 potius,
258 1991 377 2058 obscuri,
394 1991 488 2058 astuti,
501 1991 619 2060 fallacis,
634 1994 775 2062 malitiosi,
791 1996 896 2062 callidi,
910 2003 983 2049 vete-

139 2074 245 2141 ratorie,
255 2072 334 2126 vafri.
372 2073 450 2124 Haec
462 2076 505 2124 tet
518 2078 546 2124 et
558 2072 613 2124 alia
625 2075 707 2142 plura
722 2091 815 2127 nonne
828 2075 929 2128 inutile
941 2081 983 2127 est

138 2154 273 2206 vitiorum
286 2152 379 2204 subire
392 2152 527 2206 nominat

173 2235 251 2288 XIV.
288 2236 330 2286 58.
345 2233 429 2298 Quod
438 2233 462 2284 si
471 2232 650 2302 vituperandi
661 2234 710 2302 qui
723 2234 901 2300 reticuerunt,
911 2233 981 2302 quid

139 2317 174 2368 tle
191 2315 226 2368 iis
241 2313 460 2367 existimandum
478 2318 527 2381 est,
541 2313 591 2382 qui
611 2315 745 2368 orationis
760 2316 915 2368 vanitatem
934 2315 981 2368 ad-

138 2397 310 2448 lribueruntl
348 2395 378 2447 C.
393 2394 505 2462 Canius,
517 2412 601 2464 eques
615 2397 766 2463 Romanus,
777 2412 828 2449 nee
843 2395 982 2448 infacetus

137 2482 165 2528 et
178 2476 247 2528 satis
259 2475 405 2541 litteratus,
416 2491 480 2528 cum
493 2492 521 2528 se
535 2477 683 2544 Syracusas
695 2476 813 2544 otiandi,
822 2481 855 2529 ut
867 2476 928 2545 ipse
941 2475 982 2528 di-

137 2573 197 2610 cere
211 2556 327 2622 solebat,
337 2572 395 2607 non
408 2557 577 2625 negotiandi
590 2574 673 2610 causa
687 2559 859 2626 contulisset,
870 2557 981 2610 dictita-

137 2637 186 2690 bat
200 2653 229 2690 se
243 2637 371 2688 hortulos
386 2637 496 2705 aliquos
512 2655 602 2692 emere
617 2641 696 2704 velle,
710 2655 766 2706 quo
781 2638 900 2692 invitare
915 2638 982 2692 ami-

137 2733 184 2780 eos
203 2722 231 2770 ct
250 2716 301 2770 ubi
319 2733 347 2770 se
367 2719 507 2772 oblectare
526 2719 585 2772 sine
602 2719 861 2789 interpellatoribus
879 2724 980 2790 posset.

137 2799 220 2864 Quod
235 2809 301 2850 eum
315 2801 539 2868 percrebruisset,
554 2800 673 2867 Pythius
691 2800 717 2852 ei
735 2801 859 2868 quidam,
873 2801 923 2869 qui
941 2817 981 2853 ar-

136 2879 291 2948 gentariam
304 2881 408 2934 faceret
425 2881 573 2949 Syracusis,
585 2883 695 2933 venales
711 2882 825 2950 quidem
841 2899 870 2934 se
885 2884 980 2934 hortos

135 2977 192 3012 nou
211 2963 323 3028 habere,
337 2963 386 3014 sed
402 2961 484 3014 licere
503 2963 545 3014 uti
564 2961 658 3028 Caele,
674 2963 698 3014 si
716 2964 809 3030 vellet,
823 2967 855 3014 ut
873 2961 937 3025 suis,
952 2968 980 3012 et

135 3043 218 3096 simul
232 3043 269 3095 ad
283 3059 379 3095 cenam
392 3042 534 3094 hominem
546 3041 576 3092 in
589 3041 686 3094 hortos
701 3042 835 3095 invitavit
847 3042 877 3092 in
889 3047 980 3109 poste-

135 3141 197 3178 rum
218 3124 303 3177 diem.
343 3123 413 3174 Cum
434 3122 482 3174 illc
503 3121 684 3191 promisisset,
704 3127 765 3174 tum
787 3121 914 3188 Pythius,
930 3121 979 3188 qui
