2256 3448
259 177 328 226 arn.
344 177 408 238 111,
422 175 500 226 oar.
517 175 619 227 xxrx.
634 176 731 239 xxx,
747 176 761 237 ς
775 179 895 230 rer-roa.
952 182 999 229 185

159 261 282 330 fidesque
291 261 359 314 iuris
368 261 481 315 iurandi
491 277 572 331 saepe
581 277 645 314 cum
654 261 737 315 hoste
747 263 889 316 servanda.
916 263 999 330 Quod

159 343 233 396 enim
244 344 284 396 ita
295 343 418 396 iuratum
431 346 479 410 est,
488 345 521 394 ut
532 358 610 412 mens
623 342 783 412 conciperet
791 343 850 395 fieri
863 349 998 412 oportere,

157 425 189 476 id
206 424 373 477 servandum
385 427 442 476 est:
453 423 540 491 ¹quod
558 423 646 492 aliter,
659 423 691 475 id
706 423 730 474 si
749 439 806 475 non
821 423 925 492 fecerit,
938 426 999 477 nul-

157 506 216 558 lum
237 509 279 558 cst
297 504 458 574 periurium.
497 505 543 572 Ut,
560 504 584 555 si
602 503 793 573 praedonibus
813 509 927 574 pactum
946 522 998 575 pro

155 585 248 655 capite
260 585 383 654 pretium
394 601 452 636 non
464 583 598 653 attuleris,
607 585 685 636 nulla
696 583 771 637 fraus
783 590 832 654 est,
843 602 878 638 ne
890 586 915 637 si
927 585 998 640 iura-

155 670 201 718 tus
220 667 336 734 quidem
355 666 388 719 id
405 682 463 718 non
481 665 596 718 seceris„
624 665 699 718 Nam
716 665 809 734 pirata
826 683 885 718 non
903 672 945 719 est
963 684 998 720 ex

154 745 341 816 perduellium
364 761 479 798 numero
501 745 641 812 definitus,
660 746 711 797 sed
732 746 888 804 communis
908 747 997 800 hostis

154 827 287 882 omnium.
325 827 396 879 Oum
409 827 463 878 hoo
477 841 529 877 nec
541 825 610 878 fides
623 825 709 878 debet
723 841 775 878 nec
789 825 834 877 ius
849 825 997 880 iurandum

153 923 213 964 csse
232 923 387 960 commune.
426 908 485 960 108.
504 907 570 958 Non
589 905 664 958 enim
678 905 779 958 falsum
796 907 887 960 iurare
906 907 996 976 periu-

152 1004 213 1040 rare
232 993 282 1056 est,
297 989 355 1056 sed,
369 987 446 1055 quod
466 1001 506 1038 nx
524 1000 613 1038 nurui
632 1001 683 1039 rur
704 1001 870 1050 ssurnurra
887 987 995 1056 interis,

153 1068 226 1120 sicut
248 1068 341 1123 verbis
364 1065 523 1135 concipitur
546 1083 622 1118 more
645 1072 749 1136 nostro,
770 1067 801 1119 id
824 1083 891 1120 non·
905 1066 996 1122 facere

152 1149 305 1218 periurium
319 1153 368 1202 est.
407 1147 481 1212 Scite
496 1146 572 1199 enim
585 1145 751 1216 Euripides:

301 1247 386 1310 Iuravi
398 1263 493 1322 lingua,
506 1263 618 1308 mentem
631 1261 766 1312 iniuratum
778 1275 847 1323 gero.

152 1375 278 1444 Regulus
299 1391 366 1427 vero
390 1391 449 1427 non
471 1373 570 1426 debuit
594 1373 774 1426 condiciones
795 1367 996 1444 pactionesque

152 1455 267 1508 bellicas
291 1459 320 1507 et
341 1454 458 1511 hostiles
478 1455 639 1523 perturbare
660 1455 791 1524 periurio.
829 1456 900 1508 Cum
920 1455 995 1510 iusto

152 1535 227 1588 enim
245 1539 273 1587 et
288 1535 417 1604 legitimo
433 1536 515 1590 hoste
533 1551 577 1588 res
595 1537 752 1605 gerebatur,
766 1537 897 1590 adversus
912 1553 996 1611 quem

152 1619 180 1668 et
199 1618 292 1668 totum
314 1616 358 1669 ius
379 1615 474 1668 fetiale
498 1620 526 1668 et
547 1618 636 1668 multa
657 1620 724 1669 sunt
744 1609 814 1670 inra'
827 1617 993 1691 communia.

152 1695 235 1762 Quod
248 1695 278 1746 ni
291 1696 333 1770 ita
348 1700 428 1764 esset,
439 1712 592 1765 numquam
607 1698 697 1749 claros
707 1696 782 1751 viros
796 1702 908 1751 senatus
919 1698 995 1754 vinc-

152 1782 197 1828 tos
210 1776 339 1829 hostibus
352 1777 515 1830 dedidisset.
993 1829 996 1843 ,

187 1857 278 1911 XXX
317 1857 375 1910 109.
391 1856 431 1908 At
445 1873 511 1911 vero
526 1857 558 1911 T.
568 1857 701 1912 Veturius
719 1861 747 1911 et
765 1859 811 1928 Sp.
825 1859 994 1930 Postumius,

151 1951 215 1988 curn
226 1935 328 1989 iterum
341 1939 468 1990 consules
481 1942 581 2006 essent,
592 1939 666 2012 quia,
675 1955 739 1992 cum
753 1930 829 1992 male
837 1929 995 2010 pugnatum

151 2017 228 2085 apud
250 2017 390 2070 Caudium
415 2022 494 2086 esset,
513 2018 673 2088 legionibus
693 2020 796 2073 nostris
820 2021 871 2073 sub
895 2021 995 2090 iugum

151 2097 243 2151 missis
252 2114 350 2168 pacem
363 2114 428 2150 cum
441 2099 614 2151 Samnitibus
622 2099 753 2166 fecerant,
763 2099 854 2152 dediti
867 2106 932 2154 sunt
943 2101 993 2156 iis:

150 2177 258 2230 iniussn
276 2177 352 2231 enim
365 2169 466 2247 populi
481 2177 794 2246 senatusqueiecerant.
830 2180 994 2248 Eodemque

151 2261 276 2326 tempore
288 2258 330 2312 Ti.
339 2257 495 2326 Numicius,
504 2259 536 2324 Q.
545 2258 670 2327 Maelius,
681 2257 731 2326 qui
742 2262 804 2312 tum
816 2258 921 2330 tribuni
935 2263 993 2329 ple-

150 2337 194 2390 bis
206 2342 292 2406 erant,
302 2338 377 2406 quod
391 2354 485 2390 eorum
498 2338 664 2391 auctoritate
672 2355 730 2407 pax
743 2343 803 2412 erat
812 2339 893 2408 iacta,
904 2341 994 2393 dediti

152 2423 226 2484 sunt,
241 2423 273 2470 ut
291 2435 348 2488 pax
368 2418 537 2472 Samnitium
556 2409 757 2488 repudiaretur.
795 2420 994 2490 Atquehuius

151 2497 305 2551 deditionis
329 2498 389 2568 ipse
411 2499 578 2566 Postumius,
597 2499 646 2566 qui
666 2500 830 2567 dedebatur,
850 2516 945 2553 suasor
966 2506 994 2553 et

151 2585 248 2632 auctor
261 2579 323 2634 fuit.
362 2581 447 2647 Quod
461 2579 537 2632 idem
555 2579 652 2633 multis
670 2580 750 2633 annis
767 2585 831 2649 post
846 2582 875 2634 Ο.
888 2582 994 2635 Manci-

151 2675 212 2728 nus,
226 2659 283 2729 qui,
297 2663 329 2712 ut
343 2659 533 2728 Numantinis,
547 2660 714 2728 quibuscum
728 2660 788 2712 sine
803 2665 914 2715 senatus
932 2679 994 2716 auc-

150 2739 264 2792 toritate
286 2739 387 2792 foedus
406 2739 517 2812 fecerat,
535 2740 692 2808 dederetur,
710 2739 885 2809 rogationem
907 2742 994 2796 suasit

151 2837 219 2889 eam,
234 2837 318 2889 quarn
333 2821 363 2873 L.
374 2820 484 2888 Furius,
498 2820 676 2874 scaminus
690 2836 726 2872 ex
741 2826 852 2874 senatus
866 2819 994 2876 consulto

150 2899 293 2954 ferebant:
319 2917 375 2968 qua
397 2905 512 2970 accepta
533 2905 575 2953 est
594 2901 722 2954 hostibus
743 2901 864 2956 deditus.
901 2904 994 2956 Hone-

151 2981 220 3034 stius
233 2981 280 3033 hic
294 2997 377 3050 quam
391 2982 423 3048 Q.
432 2981 591 3050 Pompeius,
602 2997 666 3048 quo,
677 2997 740 3034 cunr
753 2981 784 3033 in
797 2983 896 3036 eadem
911 2999 994 3036 eausa
1069 3025 1072 3030 .

151 3064 229 3128 esset,
246 3062 416 3130 deprecante
436 3064 551 3129 accepta
568 3060 615 3111 lex
634 3076 692 3112 non
710 3064 758 3114 est.
795 3061 851 3112 Hie
870 3077 909 3130 ea,
923 3079 994 3130 quae

151 3140 301 3201 videbatur
321 3140 438 3208 utilitas,
456 3141 520 3210 plus
542 3139 632 3192 valuit
654 3155 737 3208 quam
760 3139 899 3210 honestas,
917 3144 994 3212 apud
