2272 3442
323 109 488 183 ananius.
525 135 603 183 cnr.
622 133 716 183 xxn.
735 132 841 182 xxnr.
970 135 1001 184 aa

147 217 322 271 verebuntur.
366 215 438 269 Nam
461 215 612 270 maximum
643 220 833 271 ornamentum
865 216 1001 272 amicitiae

146 294 219 348 tellit
231 293 278 360 qui
293 309 328 345 cx
348 309 381 346 ea
399 292 473 345 tollit
492 292 690 346 verecundiam.
735 299 776 348 83.
802 293 902 362 Itaque
921 295 950 347 in
969 295 1002 346 iis

145 369 312 436 perniciosus
332 372 375 422 est
397 384 473 422 error
490 362 540 435 ¹qui
565 369 723 423 existimant
743 370 889 423 libidinum
910 387 1003 440 pecea-

145 450 291 514 torumquc
304 445 424 498 omnium
436 448 532 512 patere
546 445 575 496 in
589 442 710 498 amicitia
723 445 870 501 licentiam.
907 445 1003 499 Virtu-

146 526 206 576 tum
218 522 338 576 amicitia
350 520 505 588 adjutrixa
523 524 622 582 natura
643 520 709 574 data
727 525 778 588 est,
800 539 853 574 non
873 521 1002 576 vitiorum

145 614 244 665 comes,
266 601 306 665 nt,
327 595 455 665 quoniam
476 596 598 650 solitaria
621 613 675 648 non
698 601 791 664 posset
809 597 896 650 virtus
915 597 952 651 ad
971 615 1004 652 ea

145 691 217 742 quac
239 689 343 727 summa
366 676 430 726 sunt
453 673 604 742 pervenire,
628 672 774 740 conjuncta
797 676 827 726 ot
850 675 1003 727 consociata

99 807 103 814 ,
145 765 207 802 cum
217 749 304 802 altera
316 748 486 816 pervenirem
506 749 684 817 quaesiquos
694 749 766 802 inter
776 749 891 802 societas
903 756 951 803 aut
960 755 1004 803 est

146 825 260 878 autiuit
272 829 321 879 aut
333 826 425 880 futura
438 828 488 892 est,
502 842 595 879 eorum
607 829 651 878 est
666 824 809 878 habendus
821 825 856 878 ad
869 842 1002 878 summurn

145 905 261 954 naturae
273 901 374 954 bonum
392 901 510 970 optimus
526 901 756 970 beatissimusque
772 901 924 954 comitatus.
961 908 1002 956 84.

147 975 225 1030 Haec
240 981 290 1043 est,
304 978 424 1046 inquam,
445 978 560 1030 societas
578 977 606 1030 in
629 977 792 1046 quaomnia
815 977 907 1030 insunt
931 985 1002 1046 quac
1067 1023 1076 1039 „

146 1056 246 1120 putant
257 1053 380 1106 homiues
393 1052 702 1122 expetendahonestas,
715 1053 808 1121 gloria,
817 1054 1002 1121 tranquillitas

146 1128 228 1182 animi
247 1132 332 1196 etque
345 1127 512 1196 jucunditas,
531 1133 564 1182 ut
579 1133 615 1194 et,
629 1146 713 1197 quum
726 1129 794 1182 haec
806 1129 905 1194 adsint,
921 1128 1003 1183 beata

147 1203 204 1257 vita
216 1204 260 1272 sit,
274 1208 303 1257 et
315 1205 373 1258 sine
389 1204 431 1256 his
448 1221 508 1258 esse
527 1221 581 1257 non
600 1205 693 1272 possit.
729 1205 809 1268 Quod
831 1222 915 1274 quum
936 1207 1003 1274 opti-

147 1295 221 1332 mum
239 1280 442 1347 maximumque
463 1281 506 1344 sii,
528 1281 552 1332 si
575 1280 605 1332 id
625 1280 747 1332 volumus
768 1280 887 1348 adipisci,
906 1280 1002 1332 virtuti

146 1354 335 1422 operadanda
354 1355 475 1420 estsine
496 1372 550 1422 qua
572 1372 621 1408 nec
643 1355 790 1408 amicitiam
812 1373 901 1424 nequo
919 1355 1002 1407 ullam

147 1446 206 1482 rem
219 1429 402 1498 expetendam
415 1431 543 1498 consequi
560 1447 719 1498 possumus:
738 1447 771 1484 ca
786 1447 850 1484 vero
870 1431 1002 1498 neglecta,

147 1506 195 1574 qni
208 1522 238 1560 sc
247 1505 347 1558 anricos
356 1505 457 1558 habere
468 1505 646 1572 arbitrantur,
654 1509 715 1559 tum
728 1523 757 1560 se
766 1505 885 1574 denique
895 1523 1002 1559 errasse

148 1582 271 1634 sentiunt
290 1598 374 1650 quum
391 1597 437 1635 eos
450 1581 541 1648 gravis
558 1581 657 1650 aliquis
678 1599 756 1635 casus
778 1581 897 1651 experiri
918 1582 1001 1650 cogit.

118 1645 190 1742 {aa
209 1657 348 1724 Quocirca,
361 1657 508 1711 dicendum
521 1661 564 1712 est
584 1659 657 1710 enim
669 1659 784 1726 saepius,
799 1676 883 1727 quum
898 1657 1003 1726 judica-

148 1733 228 1799 veris,
247 1733 362 1800 diligere
378 1737 503 1802 oportct3
523 1751 583 1800 non,
606 1751 690 1800 quum
714 1734 851 1797 dilexeris,
868 1733 1002 1802 judicare.

149 1809 205 1863 Sed
217 1826 301 1876 quum
315 1809 409 1862 multis
428 1809 456 1861 in
478 1809 560 1864 rebus
581 1809 749 1876 negligentia
767 1809 921 1878 plectimur,
940 1813 1000 1862 tum

149 1885 267 1940 maxime
279 1885 306 1938 in
328 1885 422 1938 amicis
442 1888 471 1938 et
490 1885 643 1954 deligendis
668 1889 697 1938 et
718 1885 856 1950 colendis;
879 1902 1003 1954 praepos-

148 1961 216 2014 teris
233 1961 304 2016 cnim
317 1961 422 2015 utimur
439 1961 558 2014 consiliis
570 1964 598 2014 et
616 1965 677 2034 acta
697 1962 811 2029 agimus,
833 1961 907 2028 quod
930 1965 1004 2012 veta-

148 2053 210 2090 mur
235 2041 329 2090 vetere
348 2036 501 2105 proverbio.
535 2036 610 2090 Nam
628 2036 760 2105 implicati
783 2037 857 2090 ultro
881 2039 910 2089 et
935 2037 1003 2088 citro

149 2113 191 2164 vel
210 2129 261 2165 usu
278 2112 407 2166 diuturno
427 2112 470 2164 vel
489 2112 573 2166 etiam
598 2111 692 2164 officiis
716 2116 831 2180 repente
855 2112 884 2164 in
911 2112 1002 2164 medio

148 2204 230 2240 cursu
242 2186 376 2239 amicitias
388 2191 484 2239 exorta
496 2187 587 2254 aliqua
599 2187 745 2240 offensione
758 2187 946 2255 dirumpimus.
1006 2201 1011 2208 ·

202 2262 316 2314 XXIII.
335 2267 375 2314 86.
409 2262 468 2324 Quo
488 2261 572 2314 ctiam
592 2262 679 2328 magis
698 2262 879 2330 vituperanda
899 2264 1001 2315 estrei

149 2337 266 2390 unanime
280 2336 448 2390 necessariae
461 2339 541 2389 tanta
558 2337 670 2390 incuria.
706 2338 769 2390 Una
789 2341 832 2390 est
849 2338 922 2390 enim
937 2339 1003 2390 anri-

148 2415 215 2468 eitia
226 2415 254 2466 in
268 2413 350 2468 rebus
362 2412 486 2468 humanis
499 2413 535 2466 de
547 2413 625 2482 cujus
637 2414 758 2467 utilitato
775 2431 869 2467 omnes
885 2431 940 2467 uno
957 2432 1004 2468 erc
1081 2481 1085 2489 Ι

149 2489 336 2546 consentiunt:
358 2503 522 2558 quamquam
542 2507 559 2542 a
577 2489 671 2544 multis
695 2489 755 2558 ipsa
775 2491 863 2543 virtus
883 2495 1005 2544 contem-

148 2568 224 2622 nitur
253 2569 282 2620 et
312 2565 464 2620 venditatio
493 2565 628 2634 quaedam
652 2570 735 2634 atque
766 2566 914 2621 ostentatio
945 2583 1005 2620 esso

149 2642 257 2697 dicitur.
294 2642 376 2696 Multi
386 2641 497 2696 divitias
511 2642 672 2710 despiciunt,
687 2659 754 2710 qnos
766 2659 849 2712 parvo
861 2645 1005 2696 contentos

149 2718 239 2772 tenuis
256 2718 344 2772 victus
356 2718 500 2785 cultusque
521 2719 657 2783 delectat3
676 2718 792 2773 honores
808 2735 873 2773 vero
889 2735 1004 2788 quorum

149 2795 299 2864 eupiditate
324 2794 437 2862 quidam
456 2793 665 2862 inflammantur,
686 2795 862 2862 quammulti
881 2795 921 2848 ita
943 2811 1005 2848 cou—

149 2874 276 2924 temnunt
292 2873 324 2922 ut
343 2869 410 2924 nihil
429 2870 543 2936 inanius,
560 2870 626 2924 nihil
646 2887 705 2924 esse
725 2871 812 2925 levius
831 2871 1005 2925 existiment:

149 2948 271 3015 itemque
293 2951 387 3000 cetera
405 2963 476 3015 quae
498 2946 661 3016 quibusdam
679 2946 851 3000 admirabilia
869 2947 1005 3010 videntur,

149 3023 278 3091 permulti
292 3027 355 3076 sunt
368 3021 415 3090 qui
427 3022 572 3092 pronihilo
584 3026 690 3091 putent.
727 3023 770 3076 De
783 3023 903 3076 amicitia
910 3035 1004 3072 omnes
1043 3063 1047 3072 .

149 3098 186 3152 arl
199 3101 281 3150 nnihn
298 3097 372 3151 idem
390 3099 519 3166 sentiunt,
536 3102 566 3152 et
584 3098 671 3166 liqui
688 3098 724 3151 ad
740 3115 799 3152 rem
817 3097 954 3166 publicam
973 3111 1002 3147 so

150 3175 330 3240 contulerunt,
357 3177 386 3227 et
409 3175 428 3227 ii
458 3175 504 3242 qui
532 3170 802 3240 rbhhrrr²¹dognitione
826 3171 1004 3237 doctrinaque
