2256 3448
289 497 333 560 M.
352 469 530 559 ru'aarr
564 495 849 556 oroaaours

145 647 203 721 DE
239 644 451 722 orrrulls
482 643 544 718 AD
579 642 783 716 MARCUM
820 640 988 716 FILIUM

364 793 496 853 traua
521 789 759 852 suouuaus

482 967 651 977 -—-—-

410 1093 716 1144 ARGUMENTUM.

176 1195 306 1258 Proposito
322 1203 477 1255 argumento,
493 1195 524 1242 de
540 1209 588 1256 quo
606 1194 653 1240 hoo
669 1193 731 1239 libro
748 1206 782 1239 ex
797 1193 931 1254 partitione
946 1210 987 1256 ea,

143 1277 219 1324 qnam
230 1263 255 1309 in
267 1261 348 1324 priore
360 1261 422 1308 libro
434 1261 534 1320 fecerat,
545 1260 715 1321 disputaturus
729 1257 769 1315 sit,
781 1260 891 1320 primum
902 1274 989 1322 prooe-

143 1328 221 1374 mium
232 1327 292 1375 facit
301 1327 337 1375 M.
345 1326 442 1374 'Pullius
452 1325 600 1387 explicando
612 1324 643 1371 de
655 1323 705 1370 suis
717 1322 888 1386 philosophiae
900 1325 989 1374 studiis

143 1402 168 1440 et
185 1393 357 1455 scriptionibus
372 1399 402 1439 'ac
418 1391 450 1439 de
466 1391 562 1438 ratione
576 1387 765 1452 philosophandi
784 1389 944 1449 Academica,
961 1400 989 1438 at

143 1459 174 1506 do
192 1474 242 1506 una
258 1472 356 1521 quoquo
372 1472 448 1505 causa
463 1457 490 1503 ia
507 1465 638 1516 utramque
654 1463 750 1515 partem
768 1452 916 1515 disparetur,
930 1471 985 1516 cap.

144 1526 166 1582 1,
179 1521 228 1584 2,§
245 1526 299 1572 1-8.
335 1524 400 1570 Τιιιιι
414 1529 588 1580 argumentum
602 1528 693 1566 tractat
707 1518 740 1576 id,
756 1517 787 1565 de
801 1533 851 1580 quo
866 1519 912 1567 hoc
924 1520 988 1568 libro

142 1589 298 1649 potissimum
316 1588 362 1636 sibi
379 1587 511 1635 dicendum
531 1599 584 1632 esse
604 1585 646 1643 ait,
662 1599 691 1631 ao
708 1583 816 1644 primum
834 1584 936 1645 quidem
954 1585 987 1633 de

142 1654 196 1700 utili
214 1653 324 1715 exponit,
341 1669 393 1715 cap.
411 1653 484 1711 3-24,
501 1650 515 1708 ᾗ
534 1653 606 1709 9-87,
623 1660 648 1696 et
667 1649 791 1710 explicata
809 1649 912 1711 quidem
931 1651 986 1697 nai-

143 1732 213 1766 rersa
224 1719 291 1766 utilis
303 1727 398 1777 natura,
411 1732 485 1780 quam
497 1725 571 1776 negat
582 1716 614 1762 ab
625 1714 754 1762 honestate
766 1728 821 1762 esse
835 1715 980 1772 seiunctam,

142 1798 195 1843 cap.
209 1785 232 1842 3,
245 1782 259 1839 ᾖ
274 1786 298 1842 a,
311 1786 349 1842 10,
359 1784 406 1830 hoc
419 1783 547 1830 adseverat
562 1781 623 1828 nihil
637 1789 680 1827 aut
694 1779 779 1827 utilius
795 1788 838 1828 aut
854 1781 985 1829 nocentius

142 1862 195 1894 esso
209 1847 349 1894 hominibus
362 1848 388 1894 in
402 1847 437 1894 eis
451 1849 530 1905 rebus,
543 1861 606 1908 quae
620 1846 691 1892 utiles
709 1845 765 1903 sint,
779 1859 855 1906 quam
871 1847 986 1895 homines

142 1913 216 1971 ipsos,
229 1926 282 1972 cap.
295 1910 378 1971 3-5,§
395 1915 483 1972 ll-16,
495 1927 569 1974 quam
583 1912 614 1959 ob
628 1925 679 1958 rem
700 1909 868 1959 conciliandos
886 1913 984 1960 animos

143 1977 271 2024 hominum
282 1984 307 2024 et
319 1977 351 2024 ad
363 1992 420 2024 usas
432 1987 528 2026 nostros
542 1975 711 2036 adiungendus
724 1990 777 2023 esse
789 1975 859 2036 dicit,
872 1978 938 2040 quod
950 1978 985 2025 sit

143 2057 232 2089 munus
243 2042 341 2089 virtutis
354 2043 456 2090 exclusa
466 2043 542 2090 etiam
554 2043 578 2088 vi
590 2042 710 2100 fortunae,
723 2055 775 2102 cap.
788 2045 811 2101 5,
825 2045 848 2101 6,
862 2040 876 2100 §
893 2045 980 2092 17-20.

142 2107 208 2156 'l'um
225 2123 320 2168 causas,
335 2123 409 2170 quum
426 2108 458 2155 ob
475 2123 526 2155 rem
543 2107 656 2154 homiues
674 2106 815 2154 hominibus
835 2107 980 2166 inserviant,

142 2184 269 2222 emanerat
286 2185 311 2221 et
328 2183 469 2236 pertractat,
482 2172 686 2229 benevolentiam,
702 2172 901 2230 admirationem,
914 2187 982 2220 com-

142 2239 217 2287 moda
233 2248 334 2301 accepta
350 2248 394 2286 aut
410 2237 561 2300 accipienda,
573 2252 627 2299 cap.
640 2235 690 2296 u,§
709 2239 798 2295 20-22,
811 2237 868 2284 dein
883 2253 982 2300 separa-

142 2305 187 2351 tim
202 2305 262 2353 dicit
279 2306 310 2353 de
327 2304 497 2353 benevolentia
513 2312 538 2350 et
555 2303 679 2350 contrario
697 2301 749 2349 eius
763 2311 841 2362 metu,
853 2317 906 2365 cap.
921 2306 943 2362 7,
955 2306 980 2362 8,

142 2368 156 2426 ἓ
171 2373 260 2430 ‘tt—30,
275 2381 329 2418 tam
343 2371 374 2417 do
387 2369 471 2429 gloria,
487 2383 540 2430 cap.
555 2370 629 2426 9-14,
645 2366 659 2425 ἓ
673 2369 764 2427 31-51,
777 2376 829 2415 tum
845 2367 876 2415 de
891 2368 983 2416 benefi-

141 2435 222 2482 centia
234 2445 258 2484 et
268 2436 421 2488 liberalitate,
430 2449 482 2496 cap.
493 2431 603 2491 15-2·t‚§
614 2435 705 2492 52-85,
716 2433 822 2494 denique
834 2433 865 2481 de
876 2434 981 2482 aliarum

142 2514 223 2546 rernm
239 2501 351 2558 utilitate,
364 2515 417 2560 cap.
430 2503 468 2558 ut,
482 2497 495 2557 ἕ
511 2501 550 2558 86,
563 2501 602 2555 87,
615 2507 740 2560 postremo
759 2499 897 2546 utilitatum
914 2514 982 2547 oom-

141 2564 294 2624 paratioaem
306 2566 422 2624 institnit,
434 2580 487 2626 cap.
501 2567 540 2623 25,
553 2563 566 2621 ξ
580 2566 669 2612 88-90.

176 2678 197 2730 Ι,
236 2680 258 2731 1.
280 2680 367 2744 Quem
387 2680 423 2731 ud
442 2680 559 2732 modum
578 2677 671 2731 officia
691 2679 858 2731 ducerentur
878 2679 914 2731 ab
935 2679 983 2730 ho·

141 2762 255 2822 aestate,
265 2759 357 2810 Marce
372 2759 420 2825 fili,
432 2766 516 2827 atque
532 2760 568 2812 ab
583 2759 659 2810 omni
674 2775 775 2828 genere
787 2758 901 2812 virtutis
915 2759 983 2812 satis

141 2837 311 2906 explicatum
323 2838 442 2891 arbitror
455 2839 527 2891 libro
540 2839 689 2909 superiore.
724 2839 856 2907 Sequitur
868 2845 900 2892 ut
913 2839 983 2892 haee

141 2917 295 2971 officiorum
314 2934 415 2987 genera
433 2936 589 2987 persequar,
604 2935 674 2986 quae
692 2919 834 2987 pertinent
853 2919 982 2972 advitae

141 3000 248 3051 cultum
265 3005 292 3052 et
311 2999 347 3051 ad
365 3015 459 3050 earum
477 2999 695 3065 rcru1n,quibus
713 3004 830 3071 utuntur
846 2999 981 3064 homines,

140 3075 294 3148 facultates,
304 3078 342 3131 ad
354 3093 429 3146 opes,
440 3078 476 3129 od
491 3078 604 3145 copias:
623 3077 653 3128 in
667 3093 722 3145 quo
735 3083 796 3131 tum
808 3079 905 3147 quaeri
920 3079 983 3132 <lixi
