2272 3442
295 147 365 196 LlB.
382 148 415 208 1.‚
436 147 514 196 OAP.
534 147 594 196 XX.
611 145 698 207 XXI.,
715 144 730 209 ξ
748 147 837 195 66-72.
955 147 988 194 85

148 232 226 298 quod
240 231 362 299 regibus,
375 235 408 282 ut
422 247 457 282 na
473 246 527 298 qua
548 246 577 282 rc
596 235 718 299 egerent,
731 245 767 281 ne
786 228 832 280 cni
850 233 987 298 pararent,

147 311 279 364 libertate
296 313 456 363 uterentur:
476 309 555 362 cuius
569 309 715 378 proprium
730 314 772 361 est
787 309 827 361 sic
841 309 943 375 vivere,
956 313 988 360 ut

147 391 224 444 velis.
260 391 337 443 XXI.
353 445 355 449 ,
370 391 431 457 Qua
445 406 474 442 re
489 405 552 442 cum
565 391 619 441 hoc
635 405 781 442 commune
796 389 833 442 sit
845 389 988 458 potentiae

148 470 318 539 cupidorum
330 486 394 522 cum
403 470 446 538 iia,
457 486 528 537 quos
540 469 610 535 dixi,
621 469 726 536 otiosis,
737 469 818 522 altari
830 485 858 522 se
869 469 989 538 adipisci

147 553 180 603 id
193 567 275 619 posse
288 550 466 618 arbitrantur,
477 550 502 601 si
514 565 582 618 opes
597 565 713 617 magnas
726 550 856 617 habeant,
867 549 954 614 alteri,
965 549 989 601 si

148 631 276 684 contenti
291 631 348 682 sint
360 637 388 683 ct
401 647 452 684 suo
465 634 493 682 et
505 646 602 699 parvo.
640 631 674 682 In
689 645 745 698 quo
759 637 920 682 neutrorum
932 646 989 681 om-

148 712 218 764 nino
228 712 433 764 contemnenda
443 710 582 764 sententia
592 704 642 777 est,
651 710 701 762 sed
711 709 858 780 etfacilior
867 709 991 761 ettutior

148 798 178 846 ot
192 792 284 845 minus
302 792 364 845 aliis
382 792 477 862 gravis
496 797 545 845 aut
562 794 679 844 molesta
694 791 753 844 vita
771 795 814 844 est
829 790 989 856 otiosorum,

148 873 317 926 fructuosior
335 879 429 925 autern
447 873 594 925 hominum
616 873 712 942 generi
730 877 758 924 et
779 873 816 924 ad
836 871 991 924 claritatem

148 953 529 1022 amplitudinemquaaptior
544 970 646 1020 eoram,
661 953 711 1020 qui
726 969 755 1006 se
770 953 807 1005 ad
822 967 880 1004 rem
892 951 990 1020 publi-

149 1051 211 1086 cam
231 1038 261 1086 ct
279 1035 317 1086 ad
338 1050 453 1103 magnas
475 1049 518 1086 res
540 1035 679 1102 gerendas
699 1033 989 1086 accommodaverunt.

150 1117 192 1168 71.
209 1115 385 1183 Quapropter
405 1123 433 1166 et
451 1113 487 1166 iis
506 1113 624 1176 forsitan
647 1107 859 1166 concedendum
877 1103 991 1164 sit'rern

149 1195 293 1263 publicam
314 1211 371 1246 non
394 1195 614 1262 capessentibus,
636 1193 685 1261 qui
708 1192 856 1246 excellenti
877 1191 990 1260 ingenio

151 1275 294 1328 doctrinae
314 1291 373 1326 sese
392 1275 569 1340 dediderunt,
586 1279 614 1326 et
632 1274 675 1342 iis,
689 1273 739 1340 qai
757 1279 806 1326 aut
821 1271 991 1324 valetudinis

149 1355 345 1408 imbecillitate
363 1359 412 1406 aut
426 1353 522 1420 aliqua
540 1353 667 1422 graviore
683 1369 766 1405 causa
780 1351 912 1420 impediti
927 1369 944 1404 a
962 1367 991 1403 re

151 1435 267 1504 publica
285 1438 464 1500 recesserunt,
480 1449 545 1486 cum
564 1433 623 1486 eius
644 1432 882 1485 administrandae
900 1437 992 1500 potcs-

150 1521 238 1568 tatcm
260 1515 323 1568 aliis
348 1515 516 1582 laudemque
538 1513 746 1566 concederent„
768 1507 877 1578 Quibus
898 1516 991 1564 autern

151 1596 216 1648 talis
237 1587 315 1648 nulla
332 1595 370 1648 sit
389 1593 693 1662 causa,:si;rleapic'e're'
705 1609 733 1645 se
752 1586 849 1646 dicant
867 1608 907 1660 ea,
921 1607 992 1659 quae

150 1676 277 1744 plerique
285 1675 430 1744 mirentur,
438 1669 555 1743 imperia
564 1680 592 1726 et
602 1673 789 1742 magistratus,
797 1673 897 1725 iisnon
905 1673 991 1725 modo

151 1754 512 1823 nomla'rnli3verumetiani
526 1753 598 1806 fvitio
612 1751 737 1807 dandum
750 1759 828 1823 puto.
867 1754 992 1820 Quorum

66 1848 72 1857 ‘
151 1835 397 1900 iudicium-ineo,
411 1836 489 1902 quod
507 1835 625 1904 gloriam
644 1838 824 1888 contemnant
838 1837 866 1887 et
881 1851 932 1904 pro
951 1835 992 1886 ni-

151 1917 211 1970 lrilo
226 1920 335 1984 putent,
347 1915 462 1969 difficile
474 1915 551 1968 factu
566 1917 676 1968 estnon
690 1917 817 1984 probare,
831 1917 881 1969 sed
894 1916 992 1968 viden-

151 2003 198 2050 tur
213 1997 329 2050 labores*
339 2002 368 2049 ct
382 1997 531 2064 molestiae,
545 2001 607 2048 turn
625 1992 809 2048 offensionum
828 2001 857 2048 et
871 1999 992 2065 repulsa-

151 2094 213 2130 rum
228 2077 310 2144 quasi
323 2078 475 2144 quamdam
487 2075 674 2144 ignominiam
686 2076 783 2128 timere
798 2081 826 2128 et
839 2076 991 2128 infamiam.

153 2160 224 2211 Sunt
236 2157 319 2224 enim,
330 2156 380 2223 qui
389 2157 419 2208 in
431 2157 512 2208 rebus
525 2155 670 2207 contrariis
681 2171 779 2224 parma
792 2155 847 2208 sibi
856 2162 991 2222 constent,

150 2240 327 2305 voluptatem
337 2235 505 2289 severissime
516 2240 704 2302 contemnant,
712 2236 742 2288 in
753 2236 849 2288 dolore
860 2236 916 2288 sint
924 2237 992 2288 rnol-

78 2313 83 2322 '
151 2320 243 2384 lioreS,
254 2315 372 2385 gloriam
384 2316 542 2383 neglegant,
551 2313 718 2383 frangantur
729 2315 853 2382 infamia,
864 2320 948 2382 atque
961 2333 993 2369 ca

152 2398 270 2466 quidem
284 2411 343 2448 non
359 2394 426 2446 satis
441 2399 607 2448 constanter.
647 2397 688 2448 72.
704 2395 759 2448 Sed
774 2395 816 2463 iia,
827 2394 876 2463 qai
889 2396 992 2449 habent

152 2497 169 2532 a
183 2483 284 2530 natura
299 2475 461 2529 adiumenta
478 2491 570 2528 rerum
588 2475 780 2545 gerendarum,
792 2475 901 2528 abiecta
916 2477 991 2529 omni

152 2557 330 2632 cunctatione
351 2556 526 2625 adipiscendi
550 2556 730 2626 magistratus
754 2562 782 2609 ct
803 2559 925 2626 gerenda
950 2576 993 2612 res

152 2638 267 2708 publica
279 2642 335 2690 est:
354 2653 406 2689 nec
419 2637 492 2689 enim
505 2637 586 2690 aliter
599 2641 647 2690 aut
657 2638 717 2706 regi
730 2637 828 2690 civitas
841 2645 889 2691 aut
902 2639 993 2692 decla·

153 2717 209 2770 rari
227 2717 314 2770 animi
334 2717 503 2786 magnitudo
524 2723 625 2787 potest.
664 2718 877 2786 Capessentibus
899 2726 992 2773 autem

152 2797 362 2867 rempublicam
372 2798 444 2850 nihil
455 2798 546 2851 minus
558 2813 642 2866 quam
654 2798 839 2868 philosophis,
847 2801 924 2853 haud
934 2800 992 2854 scio

153 2895 190 2931 an
208 2875 299 2947 magis
317 2878 402 2930 etiam
418 2883 446 2930 et
464 2878 673 2946 magnificentia
694 2884 723 2930 et
741 2879 926 2947 despicientia
945 2880 993 2932 ad-

152 2959 278 3012 hibenda
297 2965 339 3012 est
357 2975 449 3011 rerum
467 2959 659 3026 humanarum,
673 2975 757 3026 quam
776 2967 862 3028 saepe·
876 2960 948 3024 dico,
964 2960 993 3008 et

152 3039 341 3106 tranquillitas
351 3039 438 3092 animi
448 3044 531 3107 atque
545 3039 686 3106 assumtae,
697 3039 720 3091 si
730 3039 845 3106 quidem
854 3054 906 3090 nac
916 3034 993 3088 anxii

152 3119 244 3174 futuri
265 3123 331 3172 sunt
352 3123 381 3170 ct
400 3135 463 3170 oum
485 3119 626 3186 gravitate
648 3110 861 3182 constantiaque
881 3112 991 3165 victuri.

281 3197 296 3242 3
986 3193 989 3200 r
