2256 3448
139 139 188 188 124
449 135 499 186 DE
517 133 670 186 omens

138 221 223 292 diligi
236 237 288 275 nee
305 220 423 274 alienius
441 236 525 289 quem
539 219 639 274 timeri.
675 219 819 272 Praeclare
835 217 912 271 enim
925 219 981 271 En·

138 318 215 355 mus:

138 430 220 487 Quem
237 431 358 545 nrteqnunt
375 431 499 478 oderunt:
521 442 598 489 quem
615 429 723 488 quisque
742 429 799 476 odit
816 430 923 488 periisse
939 443 982 476 cx-

224 511 256 558 pe
270 511 277 544 1
292 533 298 546 .

137 620 291 673 Multorum
309 623 403 672 autern
417 618 491 673 odiis
509 619 601 671 nullas
618 634 684 698 opes
699 633 780 686 posse
798 617 941 686 obsistere,
955 617 981 671 si

137 706 220 754 antea
240 700 296 753 fuit
316 700 454 770 ignotum,
468 715 558 768 nuper
579 702 621 751 est
642 697 795 767 cognitum.
832 699 895 751 Nee
914 715 982 751 vero

138 781 221 834 buius
243 781 356 850 tyranni
376 781 475 849 solum,
493 795 577 848 quem
599 778 682 832 armis
706 794 839 848 oppressa
862 778 982 848 pertulit

138 861 237 915 civitas
259 865 395 930 paretque
416 876 481 912 cum
502 859 623 912 maxime
643 863 762 926 mortuo,
779 858 912 920 interitus
933 859 982 912 de-

137 942 225 994 clarat
246 946 383 1008 quantum
405 940 503 992 odium
524 939 669 992 hominum
690 939 784 992 valeat
805 940 843 992 ad
862 943 981 1008 pestem,

137 1023 189 1080 sed
212 1021 385 1088 reliquorum
409 1019 515 1072 similes
539 1019 631 1072 exitus
653 1024 843 1088 tyrannorum,
861 1035 983 1087 quorum

137 1100 214 1152 haud
232 1101 288 1153 fere
309 1100 458 1169 quisquam
477 1100 622 1153 interitum
639 1101 726 1153 talem
746 1099 851 1168 effugit.
889 1100 983 1152 Malus

137 1180 212 1233 enim
231 1185 274 1233 est
292 1179 598 1234 custos'diuturnitatis
616 1185 714 1248 metus,
727 1185 881 1248 contraque
900 1181 983 1233 bene·

137 1260 261 1314 volentia
273 1261 365 1316 fidelis
377 1263 422 1314 vel
435 1262 472 1313 ad
484 1260 710 1330 perpetuitatem.
745 1261 787 1314 24.
808 1261 865 1313 Sed
876 1259 921 1328 iis,
932 1259 984 1327 qui

137 1341 167 1395 vi
181 1358 327 1412 oppressos
338 1341 456 1410 imperio
470 1345 606 1407 coercent,
618 1340 657 1393 sit
669 1356 734 1393 sane
747 1340 911 1393 adhibenda
924 1355 983 1392 sae-

137 1421 215 1490 vitia,
228 1427 261 1475 ut
273 1422 347 1475 heris
361 1422 392 1474 in
404 1421 532 1489 famulos,
544 1421 568 1474 si
580 1421 661 1474 aliter
672 1420 762 1473 teneri
776 1437 834 1472 non
845 1424 982 1490 possunt:

138 1501 268 1570 quivero
285 1502 317 1554 in
335 1503 423 1554 libera
441 1501 556 1554 civitate
573 1501 614 1553 ita
632 1517 661 1554 se
678 1500 829 1568 instruunt,
843 1505 876 1553 ut
893 1505 984 1553 metu-

138 1587 228 1650 antur,
240 1582 276 1634 iis
290 1582 363 1634 nihil
376 1587 469 1652 potest
484 1598 541 1634 esse
557 1581 723 1635 dementius.
761 1580 895 1647 Quamvis
908 1581 984 1634 enim

138 1663 194 1717 sint
207 1664 348 1716 demersae
360 1665 436 1732 leges
448 1662 566 1716 alicuius
577 1662 687 1732 opibus,
700 1661 828 1729 quamvis
839 1661 984 1714 timefacta

138 1743 261 1812 libertae,
274 1749 421 1812 emergunt
435 1747 529 1796 temen
546 1743 616 1796 baec
635 1741 787 1810 aliquando
806 1747 855 1795 aut
868 1741 984 1795 iudiciis

138 1823 233 1876 tacitis
248 1829 298 1876 aut
310 1823 429 1876 occultis
443 1825 478 1876 de
490 1825 596 1876 honore
609 1822 754 1892 suffragiis.
791 1822 922 1876 Acriores
936 1839 984 1875 au·

138 1908 196 1956 tem
208 1919 317 1955 nrorsus
331 1906 397 1956 sunt
408 1903 581 1957 intermissae
596 1903 734 1956 libertatis
750 1919 833 1970 quam
848 1908 981 1956 retentae.

139 1984 223 2050 Quod
241 1983 331 2052 igitur
349 1983 483 2038 latissime
501 1990 580 2054 patet
598 2001 689 2054 neque
707 1985 746 2037 ad
760 1984 983 2037 incolumitatem

139 2066 238 2132 solum,
255 2063 410 2118 sedetiam
430 2065 467 2118 ad
487 2081 555 2135 opes
577 2070 606 2118 et
625 2065 782 2136 potentiam
800 2065 878 2118 valet
897 2064 983 2134 pluri-

139 2163 224 2215 mum,
237 2145 269 2198 id
287 2146 495 2215 amplectamur,
509 2150 542 2198 ut
559 2150 651 2198 metus
669 2145 750 2214 absit,
764 2144 865 2198 caritas
883 2145 983 2198 retine·

140 2233 209 2282 atur.
246 2228 291 2280 lta
306 2226 439 2280 facillime
455 2243 526 2294 quae
541 2228 667 2280 volemus
681 2231 710 2280 ct
724 2225 840 2295 privatis
855 2225 886 2278 in
901 2226 984 2278 rebus

140 2313 168 2360 et
183 2308 213 2360 in
227 2323 256 2361 re
274 2307 390 2378 publica
408 2322 617 2374 consequemur.
653 2307 766 2359 Etenim
781 2305 831 2373 qui
849 2321 878 2358 se
896 2305 983 2358 metui

139 2389 243 2456 volent,
259 2403 275 2440 a
293 2389 396 2456 quibus
414 2393 581 2454 metuentur,
594 2388 708 2440 eosdem
726 2391 853 2439 metuant
867 2386 923 2456 ipsi
937 2403 983 2440 ne-

140 2484 215 2522 cesse
229 2469 280 2522 est.
318 2472 359 2522 25.
381 2468 457 2535 Quid
472 2467 547 2520 enim
562 2484 705 2520 censemus
720 2467 891 2536 superiorem
903 2467 984 2520 illum

140 2548 316 2616 Dionysium,
334 2565 390 2617 quo
415 2548 540 2602 cruciatu
561 2548 670 2600 timoris
691 2547 759 2617 angi
779 2548 913 2605 solituml
934 2547 984 2616 qui

141 2629 247 2680 cultros
261 2635 387 2682 metuens
401 2629 540 2682 tonsorios
558 2629 697 2682 candente
711 2627 832 2681 carbone
847 2628 902 2680 sibi
917 2628 984 2682 adu·

140 2708 220 2760 rebat
247 2708 400 2774 capilluml
430 2709 501 2778 quid
524 2709 718 2762 Alexandrum
745 2709 907 2776 Pheraeum,
927 2725 984 2777 quo

141 2787 235 2840 animo
250 2786 355 2840 vixisse
374 2789 561 2843 arbitramur?
580 2788 636 2857 qui,
649 2795 682 2842 ut
700 2789 835 2858 seriptum
854 2789 982 2858 legimus,

141 2884 205 2920 curn
224 2882 340 2919 uxorem
360 2869 477 2922 Theben
500 2869 655 2922 admodum
677 2869 815 2938 diligeret,
832 2876 926 2922 tamen
948 2869 984 2921 ad

141 2965 202 3001 eam
218 2964 253 3000 ex
269 2947 359 3016 epulis
373 2951 403 3000 in
418 2947 580 3002 cubiculum
593 2949 706 3002 veniens
719 2949 868 3002 barbarum
880 2955 908 3002 et
921 2964 985 3001 eum

141 3028 265 3095 quidem,
278 3032 311 3079 ut
326 3027 462 3096 seriptum
477 3033 527 3096 est,
541 3033 740 3096 compunctum
755 3029 830 3082 notis
842 3028 985 3082 Thraeciis

142 3108 276 3160 destricto
296 3107 394 3176 gladio
414 3106 530 3159 iubebat
550 3107 657 3160 anteire
675 3109 929 3179 praemittebatque
950 3109 985 3162 de
