2272 3442
109 105 124 150 2
343 100 380 147 Μ.
398 99 523 148 TULLII
540 99 745 148 cicnuouls·

109 181 205 234 Aristo
218 179 309 246 Chius,
327 195 424 246 parurn
441 178 513 231 enim
531 185 605 232 esset
622 179 794 233 auctoritatis
812 179 840 231 in
857 178 956 246 fabula,

109 256 159 308 sed
177 255 215 308 M.
229 253 325 308 Catoni
339 253 405 320 seui,
423 271 476 322 quo
494 253 626 322 majorem
638 255 830 308 auctoritatem
842 255 957 309 haberet

109 331 205 384 oratio.
250 330 335 398 Apud
360 346 441 398 quem
467 330 590 383 Laelium
614 334 643 384 ct
668 331 821 398 Scipionem
844 331 957 385 facimus
1020 345 1022 348 ·

109 407 276 460 admirantes
289 406 364 474 quod
380 405 403 458 is
420 409 478 459 tam
495 406 574 459 facile
586 410 754 460 senectutem
770 407 848 472 ferat,
869 407 957 474 iisque

109 499 172 536 eum
190 481 408 550 respondentem.
445 482 498 547 Qui
516 482 539 535 si
557 483 693 536 eruditius
709 481 848 535 videbitur
865 482 958 552 dispu-

109 561 169 610 tarc
199 574 280 625 quam
309 557 451 612 consuevit
479 558 537 626 ipsc
560 559 589 610 in
613 559 669 612 suis
698 558 783 624 libris,
813 558 957 612 attribuito

110 633 222 687 Graecis
250 633 352 687 litteris
381 650 497 702 quarum
525 637 633 688 constat
664 651 726 687 eum
754 634 957 702 perstudiosum

109 709 194 762 luisse
211 710 240 762 iu
258 713 406 772 senectute.
444 709 500 762 Sed
519 709 586 778 quid
606 726 674 778 opus
695 713 737 762 est
757 709 856 778 plural
893 710 957 762 Jam

110 786 182 838 enim
201 787 285 854 ipsius
306 786 417 839 Catonis
435 801 524 837 sermo
543 785 690 854 explicabit
709 789 831 839 nostram
850 802 957 840 omnem

110 861 147 914 de
165 865 306 914 senectuto
324 861 509 914 sententiam.-

163 937 203 990 ΙΙ.
238 944 261 990 4.
286 938 387 990 Scipio.
424 936 624 1005 Saepenumero
645 937 775 991 admirari
799 939 872 992 soleo
895 955 957 992 cum

109 1011 160 1066 lroc
169 1009 196 1064 O.
206 1011 298 1066 Laelio
306 1029 390 1080 quum
402 1015 555 1066 ceterarum
567 1029 660 1066 rerum
675 1017 752 1067 tuam
770 1014 956 1082 excellentem,

110 1087 148 1140 M.
168 1089 244 1155 Cato,
266 1089 471 1157 perfectamque
495 1087 664 1156 sapientiam,
688 1092 748 1142 tum
771 1089 815 1142 vel
839 1091 957 1144 maximo

111 1163 184 1230 quod
201 1179 339 1231 nunquam
357 1166 525 1216 senectutem
543 1163 595 1217 tibi
611 1180 723 1231 gravem
741 1181 800 1218 esse
818 1167 956 1235 senserim,

110 1255 184 1306 quae,
192 1239 332 1308 plerisque
341 1239 451 1292 senibus
463 1239 502 1293 sic
514 1239 608 1292 odiosa
626 1243 669 1294 est
686 1244 718 1294 ut
736 1258 804 1295 onus
820 1258 850 1295 se
867 1244 958 1298 Aetna

109 1315 219 1382 gravius
231 1315 323 1368 dicant
335 1315 479 1370 sustinere.
516 1316 600 1370 Caro.
626 1317 696 1370 Item
713 1317 788 1371 haud
806 1334 870 1371 sane
888 1317 957 1371 diffi-

110 1391 195 1458 cilem,
208 1392 300 1461 Scipio
312 1395 342 1445 et
354 1391 437 1459 Laeli,
453 1391 583 1445 admirari
595 1393 732 1447 videmini.
768 1393 873 1456 Quibus
885 1395 957 1447 cuim

109 1467 176 1520 nilril
196 1471 238 1520 est
254 1468 282 1520 in
298 1467 364 1534 ipsis
380 1467 439 1534 opis
460 1467 496 1519 ad
514 1467 584 1520 bene
601 1467 737 1535 beateque
754 1468 907 1535 vivendum,
924 1469 957 1520 iis

110 1544 197 1596 onmis
209 1547 286 1596 aetas
296 1543 387 1609 gravis
404 1547 463 1596 cst:
483 1543 530 1610 qui
548 1546 640 1595 autem
653 1543 742 1594 omnia
753 1543 825 1596 bona
837 1559 853 1594 a
865 1542 957 1610 seipsi

110 1619 268 1686 petunt-iis
286 1618 353 1670 nihil
365 1622 458 1685 potest
474 1618 574 1670 malum
587 1617 674 1670 videri
692 1617 767 1686 quod
778 1621 893 1671 naturae
910 1635 957 1671 no·

110 1695 223 1748 cessitas
234 1695 338 1746 afferat
376 1693 435 1756 Quo
451 1694 478 1744 in
494 1709 594 1760 genere
611 1697 653 1746 est
669 1693 806 1760 inprimis
824 1696 957 1760 senectus,

111 1787 193 1838 quam
211 1773 242 1822 ut
260 1769 445 1836 adipiscantur
464 1785 556 1820 omues
575 1771 679 1836 optant,
699 1769 813 1822 eandem
830 1772 958 1823 accusant

110 1846 255 1913 adeptam:
276 1848 354 1897 tanta
374 1847 418 1896 est
442 1843 575 1897 stultitiae
596 1844 776 1898 inconstantia
796 1848 880 1912 atquc
896 1861 958 1912 per-

111 1921 234 1974 versitas.
271 1920 412 1988 Obrepcrc
425 1919 503 1972 aiunt
516 1936 576 1972 eam
589 1919 670 1979 citius
688 1937 769 1988 quarn
781 1921 958 1988 putavissent.

112 1993 242 2062 Primum,
266 1996 328 2065 quis
349 1995 439 2066 coegit
459 2011 505 2048 cos
525 1995 623 2048 falsum
643 1997 759 2063 putaret
796 1995 848 2060 Qut
887 1996 958 2072 enirn

111 2073 192 2126 citius
203 2071 401 2125 adolescentiae
414 2075 539 2124 senectus
554 2087 636 2138 quam
651 2071 786 2139 pueritiae
804 2072 958 2126 adolescen-

110 2149 150 2202 tia
162 2147 288 2215 obrepit?
324 2147 439 2215 Deinde,
460 2149 507 2215 qui
524 2146 613 2200 minus
631 2147 722 2215 gravis
738 2151 812 2202 essct
823 2149 856 2201 iis
868 2165 958 2202 sence-

110 2229 164 2292 tus,
177 2224 200 2278 si
213 2224 468 2294 octingentesimum
487 2241 587 2277 aunum
606 2228 720 2292 agerent
732 2242 815 2294 quam
828 2225 959 2293 octogesi-

110 2303 205 2356 muml
247 2301 401 2354 Praeterita
422 2301 494 2355 enim
518 2303 594 2354 aetas
618 2301 742 2369 quamvis
767 2302 851 2368 longa·
875 2318 959 2370 quum

111 2378 267 2444 effluxisset,
280 2377 354 2431 nulla
365 2377 547 2430 consolatione
559 2377 727 2443 permulcere
739 2381 832 2443 posset
847 2377 959 2430 stultam
1020 2428 1021 2431 ,

111 2456 288 2506 senectutem.
327 2459 351 2505 5.
379 2453 510 2516 Quocirca
522 2453 544 2504 si
557 2450 717 2517 sapientiam
729 2467 818 2504 meam
830 2451 960 2504 admirari

111 2527 212 2594 soletis,
230 2544 300 2595 quac
311 2527 415 2581 utinam
429 2527 512 2594 digua
527 2528 601 2579 esset
617 2525 742 2593 opinione
754 2528 846 2579 vestra
857 2529 961 2579 nostro-

111 2619 166 2670 que
182 2603 347 2670 cognominc,
368 2604 397 2655 in
415 2601 466 2654 boc
483 2617 575 2654 sumus
595 2601 729 2670 sapientes
744 2602 819 2669 quod
834 2604 959 2655 naturam

111 2678 243 2747 optimam
261 2679 514 2745 ducemtamquam
534 2676 616 2729 deum
636 2677 775 2744 sequimur
793 2676 872 2744 eique
884 2693 960 2744 pare

112 2769 190 2820 mus;
209 2771 225 2807 a
243 2772 297 2822 qua
315 2771 370 2806 non
389 2755 447 2806 vori
467 2751 555 2804 similo
572 2755 621 2817 est,
641 2769 724 2821 quum
742 2755 850 2806 ceterae
868 2755 960 2819 partes

112 2830 213 2883 aetatis
225 2830 294 2883 bone
315 2829 463 2897 discriptae
475 2829 538 2894 sint,
551 2830 705 2880 extremum
717 2832 806 2881 actum
820 2830 960 2898 tamquam

112 2905 148 2958 ab
167 2905 249 2958 inerti
270 2911 352 2973 pocta
373 2921 432 2958 csse
452 2903 615 2971 neglectum.
655 2904 710 2958 Sed
733 2907 826 2956 tamen
850 2916 961 2956 necesse

103 2981 165 3036 .fuit
189 2998 249 3036 esse
269 2980 374 3049 aliquid
394 2983 548 3034 extremum
572 2982 601 3032 et
624 2983 765 3048 tamquam
785 2979 813 3031 in
833 2977 961 3032 arborum

112 3057 187 3111 bacis
206 3061 351 3126 terraeque
371 3057 496 3124 frugibus
520 3056 679 3109 maturitate
703 3055 866 3124 tempestiva
883 3055 961 3123 quasi

113 3133 216 3188 vietum
228 3138 257 3189 et
266 3134 404 3199 caducum,
414 3132 489 3202 quod
499 3131 643 3186 ferendum
655 3135 698 3186 ost
706 3131 824 3186 molliter
837 3131 961 3202 sapienti.
