2272 3442
334 108 426 155 CATO
444 108 575 166 MAJOR.
610 108 689 158 eAP.
708 108 787 180 XIX.
958 115 989 161 23

136 203 202 243 rare
212 188 287 243 idern
299 205 383 243 senex
394 206 448 243 non
459 193 559 259 potest
596 190 765 260 Insipienter
776 194 877 260 sperat
916 191 990 258 Quid

137 265 212 318 enim
224 265 335 319 stultius
353 283 435 334 quarn
453 267 558 321 incerta
575 284 626 336 pre
644 269 727 322 certis
739 268 847 336 habere,
858 267 927 322 falsa
939 287 989 338 pro

137 341 226 394 verisl
262 341 352 395 Senex
369 359 404 395 ne
422 343 496 410 quod
514 350 608 412 speret
626 348 736 416 quidem
755 347 848 400 habet.
890 345 928 399 At
945 349 988 400 est

136 426 170 464 ee
193 415 305 469 meliore
326 411 481 472 conditione
504 436 586 487 quam
610 421 774 494 adolescens,
798 417 927 487 quoniam
952 420 989 483 ill

137 488 211 571 quod
227 489 272 541 illc
267 498 386 558 sperat,
398 492 442 545 h1c
454 492 478 562 [
481 493 537 562 am]
549 499 767 548 consecutust
723 499 774 548 est.
805 494 858 546 llle
870 493 929 548 vult
941 495 989 547 diu

141 560 248 626 vivere;
265 560 458 614 hicdiuvixit.
487 567 528 616 69.
549 563 727 650 Quamquam,
740 563 904 618 eDiibeni¹
923 564 991 633 quid

141 635 210 689 est
202 653 231 688 m
248 635 365 689 heminis
377 637 434 691 vita
452 635 514 692 diui
553 638 596 692 Da
608 639 681 692 enim
694 655 851 707 supremum
866 643 990 708 tempus:

141 714 329 778 exspectemus
347 712 545 767 Tartessiorum
563 713 636 782 regis
654 717 780 768 aetatem.
820 715 885 769 Fuit
909 715 989 777 enim.

139 792 172 839 ut
192 787 324 856 seriptum
339 787 426 856 video,
448 789 651 858 Arganthonius
670 789 782 858 quidam
801 790 924 844 Gadibus
941 792 989 860 qui

140 863 279 930 octoginta
289 864 414 932 regnavit
425 881 517 933 annes,
536 869 645 919 eentum
663 869 693 919 ot
708 865 806 934 viginti
822 866 898 920 vixit.
934 867 990 921 Sed

140 939 207 992 mihi
227 956 262 993 ne
282 939 443 994 diuturnum
461 941 573 1009 quidem
591 941 740 1010 quidquam
760 941 871 996 ridetur
888 943 917 996 in
934 960 993 1012 quo

140 1018 184 1069 est
194 1015 298 1086 aliquid
310 1019 477 1072 extremum:
490 1034 575 1086 quum
587 1017 659 1070 enim
672 1017 701 1070 id
713 1018 832 1086 advenit,
844 1022 910 1072 tunc
921 1019 989 1072 illud

45 1109 48 1114 ¹
140 1091 214 1160 quod
228 1093 372 1160 praeteriit
386 1093 504 1148 effluxit:
523 1097 632 1146 tantum
650 1097 775 1148 remanet
793 1093 868 1162 quod
885 1094 988 1148 virtute

139 1171 169 1220 et
181 1171 255 1220 recte
267 1167 345 1220 factis
358 1173 516 1222 consecutus
529 1169 573 1222 sis.
610 1169 703 1222 Horae
715 1169 827 1238 quidem
839 1170 941 1223 cedunt
959 1173 988 1223 et

45 1251 46 1255 ’
140 1241 199 1295 dies
211 1246 239 1296 et
251 1259 357 1295 menses
370 1244 481 1310 otenel,
494 1261 543 1298 nee
554 1245 734 1312 praeteritum
747 1248 855 1314 tempus
867 1263 987 1313 unquam

139 1318 296 1384 revertitur,
309 1335 360 1372 nec
372 1319 439 1385 quid
451 1323 582 1387 sequatur
592 1320 654 1372 sciri
666 1325 766 1388 petest.
798 1320 878 1384 Quod
889 1321 987 1388 cuique

139 1393 271 1461 temporis
286 1393 322 1446 ad
339 1393 484 1450 vivendum
502 1394 591 1463 datur,
610 1412 642 1448 eo
661 1394 745 1449 debet
761 1412 821 1448 esso
835 1399 985 1448 contentus.

140 1473 181 1527 70.
198 1469 297 1538 Neque
314 1469 387 1538 enim
404 1469 529 1524 histrioni
546 1471 702 1540 utplaceat
719 1471 878 1540 peragenda
894 1469 987 1524 sabula

139 1548 197 1610 cst;
214 1546 295 1600 mede
312 1545 342 1600 iu
359 1562 520 1615 quocunque
538 1545 621 1600 fucrit
639 1550 703 1600 actu
713 1545 861 1615 probetur;
879 1561 929 1598 nec
947 1562 986 1598 sa

138 1621 226 1690 pienti
243 1639 330 1690 usque
348 1622 385 1676 ad
398 1621 525 1676 Plaudite
538 1620 701 1676 veniendum
719 1625 769 1676 est.
806 1621 898 1690 Breve
913 1620 985 1674 enim

138 1701 247 1766 tempus
271 1697 371 1752 aetatis
396 1699 463 1752 satis
484 1703 527 1752 est
548 1699 658 1766 lengum
676 1697 713 1751 ad
730 1697 801 1752 bene
818 1696 915 1750 honest
903 1700 985 1765 teque

138 1773 293 1840 vivendum.
329 1774 377 1828 Sin
394 1774 558 1842 processeris
581 1775 695 1842 longius,
716 1791 769 1826 non
788 1774 875 1841 magis
893 1772 985 1826 dolen-

139 1847 205 1902 dum
224 1853 266 1903 est
284 1866 366 1918 qnam
383 1849 516 1918 agricolao
537 1850 630 1903 dolent
618 1850 806 1919 t‚praeterita
821 1849 898 1902 verni
916 1853 985 1902 tem·

138 1923 213 1993 poris
235 1919 368 1979 suavitate
386 1928 520 1978 aestatem
541 1929 757 1994 autumnumque
775 1925 888 1979 venisse.
926 1925 985 1977 Ver

138 2001 212 2054 enim
238 2005 378 2069 tamquam
405 2001 617 2055 adolescentiam
646 2001 781 2068 signifieat
809 2001 929 2054 ostendit
917 2004 985 2068 tque

138 2075 244 2131 fructus
257 2077 378 2130 futuros:
395 2075 501 2144 reliqua
517 2079 642 2144 tempera
660 2076 832 2130 demetendis
850 2075 984 2130 fructibus

139 2154 169 2204 et
180 2151 361 2220 percipiendis
375 2152 578 2205 accommodata
590 2155 659 2204 sunt.
696 2155 735 2208 71.
755 2151 873 2204 Fructus
891 2154 983 2204 autem

139 2228 287 2279 senectutis
306 2229 356 2291 est,
371 2229 404 2278 ut
422 2240 504 2294 saepe
525 2226 590 2292 dixi,
609 2231 673 2280 ante
691 2229 832 2294 partorum
852 2225 984 2278 bonorum

139 2299 270 2353 memoria
287 2304 316 2354 et
328 2301 411 2368 copia.
447 2301 546 2354 Omnia
561 2319 633 2370 vcro,
652 2319 722 2369 qnae
740 2302 889 2355 seeundum
906 2305 984 2354 natu-

139 2392 198 2428 ram
211 2375 288 2444 fiamt,
301 2379 366 2430 sunt
376 2375 503 2430 habenda
514 2376 542 2430 in
554 2375 637 2430 bonis.
676 2375 748 2441 Quid
760 2380 803 2430 est
819 2381 911 2430 autem
926 2379 984 2430 tam

52 2449 56 2460 '
139 2451 289 2506 secundum
312 2455 439 2506 naturam
460 2468 541 2520 quam
563 2452 672 2506 senibus
691 2453 793 2506 emeril
819 2451 893 2520 qued
910 2451 983 2504 idem

139 2528 275 2596 contingit
292 2528 510 2583 adolescentibus
528 2529 690 2582 adversante
708 2532 737 2583 et
753 2531 922 2598 repugnante
939 2543 984 2582 na-

139 2607 209 2660 tura.
245 2605 345 2674 ltaque
363 2605 548 2660 adolescentes
565 2605 634 2659 meri
652 2606 690 2658 sic
712 2605 778 2658 mihi
798 2604 933 2669 ridentur,
951 2607 984 2657 ut
1080 2650 1083 2657 .

139 2696 224 2750 quum
235 2697 322 2750 aquae
335 2681 512 2736 multitudiue
523 2682 564 2735 ris
575 2681 699 2735 flammae
711 2681 887 2751 opprimitur:
906 2696 983 2733 senos

139 2761 232 2810 autem
253 2757 323 2812 sicut
341 2773 390 2810 sua
409 2760 505 2824 sponte
526 2757 601 2810 nulla
621 2756 745 2810 adhibita
761 2757 789 2811 vi
807 2759 983 2824 consumptus

139 2831 209 2900 ignis
233 2833 428 2900 exstinguitur:
459 2837 488 2887 et
516 2833 593 2902 quasi
616 2850 697 2902 poma
723 2850 757 2886 ox
786 2831 936 2897 arboribus
960 2831 983 2884 si
1006 2843 1010 2849 ·

139 2907 224 2961 cruda
242 2913 312 2976 sunt,
333 2909 359 2961 vi
396 2909 564 2972 avelluntur;
589 2909 611 2961 si
630 2914 738 2962 matura
758 2912 787 2963 et
808 2910 890 2972 cocta,
913 2906 983 2959 deci·

140 2984 226 3037 dunt:
244 2985 282 3038 sic
297 2985 381 3038 vitam
399 2984 616 3037 adolescentibus
627 2985 668 3038 vis
683 2986 780 3052 aufert,
799 2982 909 3036 senibus
927 2997 983 3034 ma-

141 3059 257 3122 turitas;
282 3075 352 3128 quae
373 3059 485 3129 quidem
505 3058 571 3111 mihi
589 3062 646 3112 tarn
666 3059 790 3127 jucunda
810 3061 853 3111 est
871 3061 911 3122 ut,
928 3071 982 3122 que

140 3133 251 3202 propius
279 3133 315 3188 ed
346 3139 461 3188 mortem
490 3133 626 3199 acaedam,
655 3135 732 3203 quasi
757 3138 859 3188 terram
888 3131 982 3182 videro
