<?xml version="1.0" encoding="UTF-8"?>
<!DOCTYPE html PUBLIC "-//W3C//DTD XHTML 1.0 Transitional//EN"
    "http://www.w3.org/TR/xhtml1/DTD/xhtml1-transitional.dtd">
<html xmlns="http://www.w3.org/1999/xhtml" xml:lang="en" lang="en">
 <head>
  <title>
</title>
<meta http-equiv="Content-Type" content="text/html;charset=utf-8" />
  <meta name='ocr-system' content='tesseract 3.04.00' />
  <meta name='ocr-capabilities' content='ocr_page ocr_carea ocr_par ocr_line ocrx_word'/>
</head>
<body>
  <div class='ocr_page' id='page_1' title='image "./mtulliiciceroni01longgoog_0081.png"; bbox 0 0 2272 3442; ppageno 0'>
   <div class='ocr_carea' id='block_1_1' title="bbox 151 127 733 196">
    <p class='ocr_par' dir='ltr' id='par_1_1' title="bbox 151 127 733 196">
     <span class='ocr_line' id='line_1_1' title="bbox 151 127 733 196; baseline -0.003 -1"><span class='ocrx_word' id='word_1_1' title='bbox 151 150 183 196; x_wconf 84' lang='lat' dir='ltr'><strong>ro</strong></span> <span class='ocrx_word' id='word_1_2' title='bbox 459 145 508 192; x_wconf 84' lang='lat' dir='ltr'><strong>nn</strong></span> <span class='ocrx_word' id='word_1_3' title='bbox 525 143 676 193; x_wconf 76' lang='lat' dir='ltr'><strong>osricus</strong></span> <span class='ocrx_word' id='word_1_4' title='bbox 730 127 733 132; x_wconf 70' lang='grc'>“</span> 
     </span>
    </p>
   </div>
   <div class='ocr_carea' id='block_1_2' title="bbox 148 227 989 932">
    <p class='ocr_par' dir='ltr' id='par_1_2' title="bbox 148 227 989 932">
     <span class='ocr_line' id='line_1_2' title="bbox 149 227 988 296; baseline -0.004 -14"><span class='ocrx_word' id='word_1_5' title='bbox 149 228 308 282; x_wconf 82' lang='lat' dir='ltr'><strong>faciendam</strong></span> <span class='ocrx_word' id='word_1_6' title='bbox 321 227 532 296; x_wconf 81' lang='lat' dir='ltr'>adgrediuntur,</span> <span class='ocrx_word' id='word_1_7' title='bbox 543 231 575 279; x_wconf 88' lang='lat' dir='ltr'><strong>ut</strong></span> <span class='ocrx_word' id='word_1_8' title='bbox 587 227 778 296; x_wconf 68' lang='lat' dir='ltr'><strong>adipiscantur</strong></span> <span class='ocrx_word' id='word_1_9' title='bbox 791 242 830 294; x_wconf 90' lang='lat' dir='ltr'><strong>ea,</strong></span> <span class='ocrx_word' id='word_1_10' title='bbox 841 242 912 293; x_wconf 87' lang='lat' dir='ltr'><strong>quae</strong></span> <span class='ocrx_word' id='word_1_11' title='bbox 925 242 988 279; x_wconf 90' lang='lat' dir='ltr'><strong>con-</strong></span> 
     </span>
     <span class='ocr_line' id='line_1_3' title="bbox 149 305 912 378; baseline -0.001 -17"><span class='ocrx_word' id='word_1_12' title='bbox 149 307 330 378; x_wconf 89' lang='lat' dir='ltr'><strong>cupiverunt:</strong></span> <span class='ocrx_word' id='word_1_13' title='bbox 350 307 380 358; x_wconf 93' lang='lat' dir='ltr'><strong>in</strong></span> <span class='ocrx_word' id='word_1_14' title='bbox 394 322 449 373; x_wconf 93' lang='lat' dir='ltr'><strong>quo</strong></span> <span class='ocrx_word' id='word_1_15' title='bbox 465 307 536 358; x_wconf 92' lang='lat' dir='ltr'><strong>vitio</strong></span> <span class='ocrx_word' id='word_1_16' title='bbox 551 306 683 359; x_wconf 90' lang='lat' dir='ltr'><strong>latissime</strong></span> <span class='ocrx_word' id='word_1_17' title='bbox 696 311 774 375; x_wconf 86' lang='lat' dir='ltr'><strong>patet</strong></span> <span class='ocrx_word' id='word_1_18' title='bbox 787 305 912 360; x_wconf 84' lang='lat' dir='ltr'><strong>avaritia.</strong></span> 
     </span>
     <span class='ocr_line' id='line_1_4' title="bbox 184 375 989 454; baseline -0.005 -12"><span class='ocrx_word' id='word_1_19' title='bbox 184 388 261 442; x_wconf 89' lang='lat' dir='ltr'><strong>VIII.</strong></span> <span class='ocrx_word' id='word_1_20' title='bbox 287 389 329 439; x_wconf 80' lang='lat'><strong>25.</strong></span> <span class='ocrx_word' id='word_1_21' title='bbox 344 387 523 454; x_wconf 80' lang='lat' dir='ltr'><strong>Expetuntur</strong></span> <span class='ocrx_word' id='word_1_22' title='bbox 541 375 633 439; x_wconf 81' lang='lat' dir='ltr'><strong>autem</strong></span> <span class='ocrx_word' id='word_1_23' title='bbox 652 385 768 438; x_wconf 88' lang='lat' dir='ltr'><strong>divitiae</strong></span> <span class='ocrx_word' id='word_1_24' title='bbox 786 401 850 438; x_wconf 85' lang='lat' dir='ltr'><strong>eum</strong></span> <span class='ocrx_word' id='word_1_25' title='bbox 868 386 906 438; x_wconf 87' lang='lat' dir='ltr'><strong>ad</strong></span> <span class='ocrx_word' id='word_1_26' title='bbox 922 401 989 438; x_wconf 89' lang='lat' dir='ltr'><strong>usus</strong></span> 
     </span>
     <span class='ocr_line' id='line_1_5' title="bbox 149 465 987 535; baseline -0.001 -17"><span class='ocrx_word' id='word_1_27' title='bbox 149 466 224 518; x_wconf 89' lang='lat' dir='ltr'><strong>vitae</strong></span> <span class='ocrx_word' id='word_1_28' title='bbox 242 465 411 518; x_wconf 87' lang='lat' dir='ltr'><strong>necessarios</strong></span> <span class='ocrx_word' id='word_1_29' title='bbox 426 470 487 518; x_wconf 88' lang='lat' dir='ltr'><strong>tum</strong></span> <span class='ocrx_word' id='word_1_30' title='bbox 502 465 539 518; x_wconf 91' lang='lat' dir='ltr'><strong>ad</strong></span> <span class='ocrx_word' id='word_1_31' title='bbox 553 465 736 535; x_wconf 88' lang='lat' dir='ltr'><strong>perfruendas</strong></span> <span class='ocrx_word' id='word_1_32' title='bbox 749 467 916 535; x_wconf 87' lang='lat' dir='ltr'><strong>voluptates.</strong></span> <span class='ocrx_word' id='word_1_33' title='bbox 953 467 987 517; x_wconf 92' lang='lat' dir='ltr'><strong>In</strong></span> 
     </span>
     <span class='ocr_line' id='line_1_6' title="bbox 149 544 988 614; baseline -0.002 -17"><span class='ocrx_word' id='word_1_34' title='bbox 149 545 251 613; x_wconf 91' lang='lat' dir='ltr'><strong>quibus</strong></span> <span class='ocrx_word' id='word_1_35' title='bbox 263 550 357 598; x_wconf 89' lang='lat' dir='ltr'><strong>autem</strong></span> <span class='ocrx_word' id='word_1_36' title='bbox 369 545 458 598; x_wconf 87' lang='lat' dir='ltr'><strong>maior</strong></span> <span class='ocrx_word' id='word_1_37' title='bbox 470 551 512 598; x_wconf 89' lang='lat' dir='ltr'><strong>est</strong></span> <span class='ocrx_word' id='word_1_38' title='bbox 525 545 642 612; x_wconf 86' lang='lat' dir='ltr'><strong>animus,</strong></span> <span class='ocrx_word' id='word_1_39' title='bbox 652 545 683 596; x_wconf 90' lang='lat' dir='ltr'><strong>in</strong></span> <span class='ocrx_word' id='word_1_40' title='bbox 692 544 727 596; x_wconf 91' lang='lat' dir='ltr'><strong>iis</strong></span> <span class='ocrx_word' id='word_1_41' title='bbox 736 544 870 614; x_wconf 87' lang='lat' dir='ltr'><strong>pecuniae</strong></span> <span class='ocrx_word' id='word_1_42' title='bbox 880 544 988 612; x_wconf 93' lang='lat' dir='ltr'><strong>cupidi-</strong></span> 
     </span>
     <span class='ocr_line' id='line_1_7' title="bbox 149 625 987 696; baseline -0.002 -18"><span class='ocrx_word' id='word_1_43' title='bbox 149 631 192 679; x_wconf 86' lang='lat' dir='ltr'><strong>tas</strong></span> <span class='ocrx_word' id='word_1_44' title='bbox 210 631 320 696; x_wconf 88' lang='lat' dir='ltr'><strong>spectat</strong></span> <span class='ocrx_word' id='word_1_45' title='bbox 338 626 376 680; x_wconf 92' lang='lat' dir='ltr'><strong>ad</strong></span> <span class='ocrx_word' id='word_1_46' title='bbox 394 642 461 695; x_wconf 88' lang='lat' dir='ltr'><strong>opes</strong></span> <span class='ocrx_word' id='word_1_47' title='bbox 475 631 504 678; x_wconf 83' lang='lat' dir='ltr'><strong>ct</strong></span> <span class='ocrx_word' id='word_1_48' title='bbox 523 627 560 678; x_wconf 79' lang='lat' dir='ltr'><strong>ad</strong></span> <span class='ocrx_word' id='word_1_49' title='bbox 578 625 757 694; x_wconf 87' lang='lat' dir='ltr'><strong>gratificandi</strong></span> <span class='ocrx_word' id='word_1_50' title='bbox 771 625 942 691; x_wconf 86' lang='lat' dir='ltr'><strong>facultatem,</strong></span> <span class='ocrx_word' id='word_1_51' title='bbox 955 631 987 676; x_wconf 91' lang='lat' dir='ltr'><strong>ut</strong></span> 
     </span>
     <span class='ocr_line' id='line_1_8' title="bbox 148 695 987 776; baseline -0.002 -18"><span class='ocrx_word' id='word_1_52' title='bbox 148 695 238 776; x_wconf 85' lang='lat' dir='ltr'><strong>nuper</strong></span> <span class='ocrx_word' id='word_1_53' title='bbox 254 707 292 760; x_wconf 91' lang='lat' dir='ltr'><strong>M.</strong></span> <span class='ocrx_word' id='word_1_54' title='bbox 304 707 417 760; x_wconf 79' lang='lat' dir='ltr'><strong>Crassus</strong></span> <span class='ocrx_word' id='word_1_55' title='bbox 436 706 557 775; x_wconf 85' lang='lat' dir='ltr'><strong>negabat</strong></span> <span class='ocrx_word' id='word_1_56' title='bbox 575 707 662 758; x_wconf 90' lang='lat' dir='ltr'><strong>ullam</strong></span> <span class='ocrx_word' id='word_1_57' title='bbox 681 705 747 758; x_wconf 85' lang='lat' dir='ltr'><strong>satis</strong></span> <span class='ocrx_word' id='word_1_58' title='bbox 761 721 891 774; x_wconf 84' lang='lat' dir='ltr'><strong>magnam</strong></span> <span class='ocrx_word' id='word_1_59' title='bbox 905 719 987 773; x_wconf 89' lang='lat' dir='ltr'><strong>pecu-</strong></span> 
     </span>
     <span class='ocr_line' id='line_1_9' title="bbox 148 783 987 861; baseline -0.005 -22"><span class='ocrx_word' id='word_1_60' title='bbox 148 786 224 838; x_wconf 86' lang='lat' dir='ltr'><strong>niam</strong></span> <span class='ocrx_word' id='word_1_61' title='bbox 234 803 291 839; x_wconf 89' lang='lat' dir='ltr'><strong>esse</strong></span> <span class='ocrx_word' id='word_1_62' title='bbox 301 787 335 854; x_wconf 87' lang='lat' dir='ltr'><strong>ei,</strong></span> <span class='ocrx_word' id='word_1_63' title='bbox 344 786 393 854; x_wconf 91' lang='lat' dir='ltr'><strong>qui</strong></span> <span class='ocrx_word' id='word_1_64' title='bbox 402 785 432 837; x_wconf 93' lang='lat' dir='ltr'><strong>in</strong></span> <span class='ocrx_word' id='word_1_65' title='bbox 441 801 469 837; x_wconf 89' lang='lat' dir='ltr'><strong>re</strong></span> <span class='ocrx_word' id='word_1_66' title='bbox 479 785 595 853; x_wconf 89' lang='lat' dir='ltr'><strong>publiea</strong></span> <span class='ocrx_word' id='word_1_67' title='bbox 604 784 734 861; x_wconf 74' lang='lat' dir='ltr'><strong>princeps</strong></span> <span class='ocrx_word' id='word_1_68' title='bbox 741 785 825 838; x_wconf 92' lang='lat' dir='ltr'><strong>vellet</strong></span> <span class='ocrx_word' id='word_1_69' title='bbox 835 799 900 852; x_wconf 86' lang='lat' dir='ltr'><strong>esse,</strong></span> <span class='ocrx_word' id='word_1_70' title='bbox 909 783 987 836; x_wconf 90' lang='lat' dir='ltr'><strong>cuius</strong></span> 
     </span>
     <span class='ocr_line' id='line_1_10' title="bbox 148 863 987 932; baseline -0.002 -15"><span class='ocrx_word' id='word_1_71' title='bbox 148 865 287 918; x_wconf 84' lang='lat' dir='ltr'><strong>fructibus</strong></span> <span class='ocrx_word' id='word_1_72' title='bbox 296 864 450 917; x_wconf 85' lang='lat' dir='ltr'><strong>exereitum</strong></span> <span class='ocrx_word' id='word_1_73' title='bbox 459 865 532 915; x_wconf 91' lang='lat' dir='ltr'><strong>alere</strong></span> <span class='ocrx_word' id='word_1_74' title='bbox 541 880 598 915; x_wconf 92' lang='lat' dir='ltr'><strong>non</strong></span> <span class='ocrx_word' id='word_1_75' title='bbox 607 869 709 932; x_wconf 85' lang='lat' dir='ltr'><strong>posset.</strong></span> <span class='ocrx_word' id='word_1_76' title='bbox 746 865 894 916; x_wconf 86' lang='lat' dir='ltr'><strong>Delectant</strong></span> <span class='ocrx_word' id='word_1_77' title='bbox 903 863 987 916; x_wconf 86' lang='lat' dir='ltr'><strong>etiarn</strong></span> 
     </span>
    </p>
   </div>
   <div class='ocr_carea' id='block_1_3' title="bbox 148 931 1121 1013">
    <p class='ocr_par' dir='ltr' id='par_1_3' title="bbox 148 931 1121 1013">
     <span class='ocr_line' id='line_1_11' title="bbox 148 931 1121 1013; baseline 0 -17"><span class='ocrx_word' id='word_1_78' title='bbox 148 945 292 1012; x_wconf 85' lang='lat' dir='ltr'><strong>magnifici</strong></span> <span class='ocrx_word' id='word_1_79' title='bbox 307 948 458 1012; x_wconf 87' lang='lat' dir='ltr'><strong>apparatus</strong></span> <span class='ocrx_word' id='word_1_80' title='bbox 471 943 602 1011; x_wconf 89' lang='lat' dir='ltr'><strong>vitaeque</strong></span> <span class='ocrx_word' id='word_1_81' title='bbox 618 945 710 996; x_wconf 90' lang='lat' dir='ltr'><strong>cultus</strong></span> <span class='ocrx_word' id='word_1_82' title='bbox 725 960 789 996; x_wconf 90' lang='lat' dir='ltr'><strong>eum</strong></span> <span class='ocrx_word' id='word_1_83' title='bbox 807 943 945 1013; x_wconf 85' lang='lat' dir='ltr'><strong>elegantia</strong></span> <span class='ocrx_word' id='word_1_84' title='bbox 959 949 988 996; x_wconf 90' lang='lat' dir='ltr'><strong>et</strong></span> <span class='ocrx_word' id='word_1_85' title='bbox 1019 948 1023 954; x_wconf 89' lang='lat'>&#39;</span> <span class='ocrx_word' id='word_1_86' title='bbox 1120 931 1121 948; x_wconf 52' lang='lat'>¹</span> 
     </span>
    </p>
   </div>
   <div class='ocr_carea' id='block_1_4' title="bbox 147 1023 989 1495">
    <p class='ocr_par' dir='ltr' id='par_1_4' title="bbox 147 1023 989 1495">
     <span class='ocr_line' id='line_1_12' title="bbox 149 1023 987 1092; baseline 0.002 -18"><span class='ocrx_word' id='word_1_87' title='bbox 149 1024 245 1091; x_wconf 88' lang='lat' dir='ltr'><strong>copia:</strong></span> <span class='ocrx_word' id='word_1_88' title='bbox 266 1024 368 1092; x_wconf 91' lang='lat' dir='ltr'><strong>quibus</strong></span> <span class='ocrx_word' id='word_1_89' title='bbox 383 1023 465 1075; x_wconf 90' lang='lat' dir='ltr'><strong>rebus</strong></span> <span class='ocrx_word' id='word_1_90' title='bbox 483 1023 612 1076; x_wconf 85' lang='lat' dir='ltr'><strong>effectum</strong></span> <span class='ocrx_word' id='word_1_91' title='bbox 627 1028 670 1076; x_wconf 88' lang='lat' dir='ltr'><strong>est</strong></span> <span class='ocrx_word' id='word_1_92' title='bbox 684 1027 716 1075; x_wconf 90' lang='lat' dir='ltr'><strong>ut</strong></span> <span class='ocrx_word' id='word_1_93' title='bbox 730 1023 840 1076; x_wconf 85' lang='lat' dir='ltr'><strong>infinita</strong></span> <span class='ocrx_word' id='word_1_94' title='bbox 854 1023 987 1092; x_wconf 87' lang='lat' dir='ltr'><strong>pecuniae</strong></span> 
     </span>
     <span class='ocr_line' id='line_1_13' title="bbox 148 1102 988 1172; baseline 0.002 -18"><span class='ocrx_word' id='word_1_95' title='bbox 148 1102 290 1171; x_wconf 89' lang='lat' dir='ltr'><strong>cupiditas</strong></span> <span class='ocrx_word' id='word_1_96' title='bbox 309 1108 389 1157; x_wconf 89' lang='lat' dir='ltr'><strong>esset.</strong></span> <span class='ocrx_word' id='word_1_97' title='bbox 432 1106 489 1156; x_wconf 85' lang='lat' dir='ltr'><strong>Noc</strong></span> <span class='ocrx_word' id='word_1_98' title='bbox 503 1120 569 1156; x_wconf 90' lang='lat' dir='ltr'><strong>vero</strong></span> <span class='ocrx_word' id='word_1_99' title='bbox 588 1103 628 1156; x_wconf 89' lang='lat' dir='ltr'><strong>rei</strong></span> <span class='ocrx_word' id='word_1_100' title='bbox 646 1103 791 1156; x_wconf 83' lang='lat' dir='ltr'><strong>familiaris</strong></span> <span class='ocrx_word' id='word_1_101' title='bbox 808 1103 988 1172; x_wconf 87' lang='lat' dir='ltr'><strong>amplificatio</strong></span> 
     </span>
     <span class='ocr_line' id='line_1_14' title="bbox 148 1182 989 1254; baseline 0.002 -20"><span class='ocrx_word' id='word_1_102' title='bbox 148 1182 253 1234; x_wconf 90' lang='lat' dir='ltr'><strong>nemini</strong></span> <span class='ocrx_word' id='word_1_103' title='bbox 271 1199 374 1236; x_wconf 89' lang='lat' dir='ltr'><strong>nocens</strong></span> <span class='ocrx_word' id='word_1_104' title='bbox 389 1182 576 1253; x_wconf 86' lang='lat' dir='ltr'><strong>vituperanda</strong></span> <span class='ocrx_word' id='word_1_105' title='bbox 594 1189 643 1253; x_wconf 89' lang='lat' dir='ltr'><strong>est,</strong></span> <span class='ocrx_word' id='word_1_106' title='bbox 659 1183 863 1254; x_wconf 73' lang='lat' dir='ltr'><strong>sed&#39;fugiendn</strong></span> <span class='ocrx_word' id='word_1_107' title='bbox 881 1199 989 1252; x_wconf 84' lang='lat' dir='ltr'><strong>semper</strong></span> 
     </span>
     <span class='ocr_line' id='line_1_15' title="bbox 147 1262 987 1332; baseline 0.001 -18"><span class='ocrx_word' id='word_1_108' title='bbox 147 1262 249 1316; x_wconf 88' lang='lat' dir='ltr'><strong>iniuria</strong></span> <span class='ocrx_word' id='word_1_109' title='bbox 262 1269 310 1318; x_wconf 85' lang='lat' dir='ltr'><strong>est.</strong></span> <span class='ocrx_word' id='word_1_110' title='bbox 348 1267 390 1318; x_wconf 77' lang='lat'><strong>26.</strong></span> <span class='ocrx_word' id='word_1_111' title='bbox 406 1264 528 1317; x_wconf 86' lang='lat' dir='ltr'><strong>Maxime</strong></span> <span class='ocrx_word' id='word_1_112' title='bbox 547 1269 640 1318; x_wconf 90' lang='lat' dir='ltr'><strong>autem</strong></span> <span class='ocrx_word' id='word_1_113' title='bbox 659 1264 838 1318; x_wconf 88' lang='lat' dir='ltr'><strong>adducuntur</strong></span> <span class='ocrx_word' id='word_1_114' title='bbox 853 1263 987 1332; x_wconf 86' lang='lat' dir='ltr'><strong>plerique,</strong></span> 
     </span>
     <span class='ocr_line' id='line_1_16' title="bbox 148 1343 987 1414; baseline 0.001 -21"><span class='ocrx_word' id='word_1_115' title='bbox 148 1347 181 1394; x_wconf 91' lang='lat' dir='ltr'><strong>ut</strong></span> <span class='ocrx_word' id='word_1_116' title='bbox 202 1359 249 1395; x_wconf 90' lang='lat' dir='ltr'><strong>eos</strong></span> <span class='ocrx_word' id='word_1_117' title='bbox 270 1343 395 1401; x_wconf 89' lang='lat' dir='ltr'><strong>iustitiae</strong></span> <span class='ocrx_word' id='word_1_118' title='bbox 416 1345 510 1414; x_wconf 88' lang='lat' dir='ltr'><strong>capiat</strong></span> <span class='ocrx_word' id='word_1_119' title='bbox 530 1345 645 1413; x_wconf 87' lang='lat' dir='ltr'><strong>oblivio,</strong></span> <span class='ocrx_word' id='word_1_120' title='bbox 661 1361 724 1397; x_wconf 89' lang='lat' dir='ltr'><strong>cum</strong></span> <span class='ocrx_word' id='word_1_121' title='bbox 745 1345 776 1396; x_wconf 92' lang='lat' dir='ltr'><strong>in</strong></span> <span class='ocrx_word' id='word_1_122' title='bbox 799 1343 987 1412; x_wconf 79' lang='lat' dir='ltr'><strong>imperiorum,</strong></span> 
     </span>
     <span class='ocr_line' id='line_1_17' title="bbox 148 1423 988 1495; baseline 0.002 -21"><span class='ocrx_word' id='word_1_123' title='bbox 148 1423 294 1492; x_wconf 91' lang='lat' dir='ltr'><strong>honorum,</strong></span> <span class='ocrx_word' id='word_1_124' title='bbox 304 1425 411 1494; x_wconf 86' lang='lat' dir='ltr'><strong>gloriae</strong></span> <span class='ocrx_word' id='word_1_125' title='bbox 423 1425 608 1495; x_wconf 85' lang='lat' dir='ltr'><strong>cupiditatem</strong></span> <span class='ocrx_word' id='word_1_126' title='bbox 620 1425 787 1478; x_wconf 88' lang='lat' dir='ltr'><strong>inciderunt.</strong></span> <span class='ocrx_word' id='word_1_127' title='bbox 819 1423 901 1490; x_wconf 80' lang='lat' dir='ltr'><strong>Quod</strong></span> <span class='ocrx_word' id='word_1_128' title='bbox 914 1423 988 1476; x_wconf 89' lang='lat' dir='ltr'><strong>enlm</strong></span> 
     </span>
    </p>
   </div>
   <div class='ocr_carea' id='block_1_5' title="bbox 148 1504 813 1700">
    <p class='ocr_par' dir='ltr' id='par_1_5' title="bbox 148 1504 813 1700">
     <span class='ocr_line' id='line_1_18' title="bbox 148 1504 423 1572; baseline 0.007 -18"><span class='ocrx_word' id='word_1_129' title='bbox 148 1508 191 1555; x_wconf 91' lang='lat' dir='ltr'><strong>cst</strong></span> <span class='ocrx_word' id='word_1_130' title='bbox 203 1505 280 1572; x_wconf 89' lang='lat' dir='ltr'><strong>apud</strong></span> <span class='ocrx_word' id='word_1_131' title='bbox 292 1504 423 1570; x_wconf 84' lang='lat' dir='ltr'><strong>Ennium,</strong></span> 
     </span>
     <span class='ocr_line' id='line_1_19' title="bbox 155 1573 813 1629; baseline 0.005 -12"><span class='ocrx_word' id='word_1_132' title='bbox 155 1605 157 1610; x_wconf 86' lang='lat'><em>.</em></span> <span class='ocrx_word' id='word_1_133' title='bbox 513 1573 591 1619; x_wconf 86' lang='lat' dir='ltr'><strong>Nulla</strong></span> <span class='ocrx_word' id='word_1_134' title='bbox 601 1575 688 1620; x_wconf 85' lang='lat' dir='ltr'><strong>sancta</strong></span> <span class='ocrx_word' id='word_1_135' title='bbox 698 1574 813 1629; x_wconf 64' lang='lat' dir='ltr'><strong>societas</strong></span> 
     </span>
     <span class='ocr_line' id='line_1_20' title="bbox 321 1641 589 1700; baseline 0 -14"><span class='ocrx_word' id='word_1_136' title='bbox 321 1641 345 1687; x_wconf 90' lang='lat' dir='ltr'>N</span> <span class='ocrx_word' id='word_1_137' title='bbox 347 1654 375 1686; x_wconf 89' lang='lat' dir='ltr'><strong>ee</strong></span> <span class='ocrx_word' id='word_1_138' title='bbox 385 1641 448 1686; x_wconf 85' lang='lat' dir='ltr'><strong>fides</strong></span> <span class='ocrx_word' id='word_1_139' title='bbox 459 1642 530 1700; x_wconf 85' lang='lat' dir='ltr'><strong>regni</strong></span> <span class='ocrx_word' id='word_1_140' title='bbox 541 1643 589 1698; x_wconf 85' lang='lat' dir='ltr'><strong>est,</strong></span> 
     </span>
    </p>
   </div>
   <div class='ocr_carea' id='block_1_6' title="bbox 116 1733 988 3148">
    <p class='ocr_par' dir='ltr' id='par_1_6' title="bbox 116 1733 988 3063">
     <span class='ocr_line' id='line_1_21' title="bbox 147 1733 987 1803; baseline 0.004 -18"><span class='ocrx_word' id='word_1_141' title='bbox 147 1733 179 1794; x_wconf 82' lang='lat' dir='ltr'><strong>id</strong></span> <span class='ocrx_word' id='word_1_142' title='bbox 193 1735 277 1786; x_wconf 88' lang='lat' dir='ltr'><strong>latius</strong></span> <span class='ocrx_word' id='word_1_143' title='bbox 292 1739 378 1802; x_wconf 87' lang='lat' dir='ltr'><strong>patet.</strong></span> <span class='ocrx_word' id='word_1_144' title='bbox 415 1738 485 1788; x_wconf 90' lang='lat' dir='ltr'><strong>Nam</strong></span> <span class='ocrx_word' id='word_1_145' title='bbox 501 1735 642 1803; x_wconf 89' lang='lat' dir='ltr'><strong>quidquid</strong></span> <span class='ocrx_word' id='word_1_146' title='bbox 657 1736 717 1788; x_wconf 88' lang='lat' dir='ltr'><strong>eius</strong></span> <span class='ocrx_word' id='word_1_147' title='bbox 735 1736 815 1790; x_wconf 92' lang='lat' dir='ltr'><strong>modi</strong></span> <span class='ocrx_word' id='word_1_148' title='bbox 829 1733 871 1788; x_wconf 86' lang='lat' dir='ltr'><strong>est</strong></span> <span class='ocrx_word' id='word_1_149' title='bbox 885 1735 916 1787; x_wconf 91' lang='lat' dir='ltr'><strong>in</strong></span> <span class='ocrx_word' id='word_1_150' title='bbox 931 1752 987 1803; x_wconf 93' lang='lat' dir='ltr'><strong>quo</strong></span> 
     </span>
     <span class='ocr_line' id='line_1_22' title="bbox 147 1813 988 1885; baseline 0.004 -19"><span class='ocrx_word' id='word_1_151' title='bbox 147 1830 205 1866; x_wconf 90' lang='lat' dir='ltr'><strong>non</strong></span> <span class='ocrx_word' id='word_1_152' title='bbox 217 1813 326 1882; x_wconf 87' lang='lat' dir='ltr'><strong>possint</strong></span> <span class='ocrx_word' id='word_1_153' title='bbox 338 1814 432 1882; x_wconf 88' lang='lat' dir='ltr'><strong>plures</strong></span> <span class='ocrx_word' id='word_1_154' title='bbox 445 1817 591 1883; x_wconf 85' lang='lat' dir='ltr'><strong>excellere‚.</strong></span> <span class='ocrx_word' id='word_1_155' title='bbox 600 1816 630 1867; x_wconf 88' lang='lat' dir='ltr'><strong>iri</strong></span> <span class='ocrx_word' id='word_1_156' title='bbox 642 1832 675 1867; x_wconf 91' lang='lat' dir='ltr'><strong>eo</strong></span> <span class='ocrx_word' id='word_1_157' title='bbox 687 1816 720 1868; x_wconf 85' lang='lat' dir='ltr'><strong>fit</strong></span> <span class='ocrx_word' id='word_1_158' title='bbox 731 1818 895 1885; x_wconf 80' lang='lat' dir='ltr'><strong>plerumque</strong></span> <span class='ocrx_word' id='word_1_159' title='bbox 907 1821 988 1869; x_wconf 86' lang='lat' dir='ltr'><strong>tauta</strong></span> 
     </span>
     <span class='ocr_line' id='line_1_23' title="bbox 147 1892 987 1957; baseline 0.004 -12"><span class='ocrx_word' id='word_1_160' title='bbox 147 1892 299 1957; x_wconf 85' lang='lat' dir='ltr'><strong>contentio,</strong></span> <span class='ocrx_word' id='word_1_161' title='bbox 312 1897 345 1945; x_wconf 93' lang='lat' dir='ltr'><strong>ut</strong></span> <span class='ocrx_word' id='word_1_162' title='bbox 357 1892 555 1946; x_wconf 88' lang='lat' dir='ltr'><strong>difficillimum</strong></span> <span class='ocrx_word' id='word_1_163' title='bbox 570 1895 607 1946; x_wconf 91' lang='lat' dir='ltr'><strong>sit</strong></span> <span class='ocrx_word' id='word_1_164' title='bbox 622 1910 729 1947; x_wconf 87' lang='lat' dir='ltr'><strong>servare</strong></span> <span class='ocrx_word' id='word_1_165' title='bbox 742 1897 758 1924; x_wconf 71' lang='lat'><strong>‘⁸</strong></span> <span class='ocrx_word' id='word_1_166' title='bbox 767 1901 890 1948; x_wconf 84' lang='lat' dir='ltr'><strong>sanctam</strong></span> <span class='ocrx_word' id='word_1_167' title='bbox 901 1893 987 1949; x_wconf 85' lang='lat' dir='ltr'><strong>socie·</strong></span> 
     </span>
     <span class='ocr_line' id='line_1_24' title="bbox 146 1973 988 2044; baseline 0.006 -20"><span class='ocrx_word' id='word_1_168' title='bbox 146 1973 259 2025; x_wconf 83' lang='lat' dir='ltr'><strong>tatem.”</strong></span> <span class='ocrx_word' id='word_1_169' title='bbox 291 1973 452 2027; x_wconf 83' lang='lat' dir='ltr'><strong>Declaravit</strong></span> <span class='ocrx_word' id='word_1_170' title='bbox 464 1973 496 2026; x_wconf 91' lang='lat' dir='ltr'><strong>id</strong></span> <span class='ocrx_word' id='word_1_171' title='bbox 508 1973 593 2025; x_wconf 89' lang='lat' dir='ltr'><strong>modo</strong></span> <span class='ocrx_word' id='word_1_172' title='bbox 603 1973 744 2026; x_wconf 87' lang='lat' dir='ltr'><strong>temeritas</strong></span> <span class='ocrx_word' id='word_1_173' title='bbox 755 1975 784 2028; x_wconf 81' lang='grc' dir='ltr'><strong>Ο.</strong></span> <span class='ocrx_word' id='word_1_174' title='bbox 795 1976 928 2044; x_wconf 82' lang='lat' dir='ltr'><strong>Caesaris,</strong></span> <span class='ocrx_word' id='word_1_175' title='bbox 939 1977 988 2044; x_wconf 90' lang='lat' dir='ltr'><strong>qui</strong></span> 
     </span>
     <span class='ocr_line' id='line_1_25' title="bbox 147 2051 986 2124; baseline 0.008 -22"><span class='ocrx_word' id='word_1_176' title='bbox 147 2051 242 2104; x_wconf 91' lang='lat' dir='ltr'><strong>omnia</strong></span> <span class='ocrx_word' id='word_1_177' title='bbox 259 2051 320 2104; x_wconf 88' lang='lat' dir='ltr'><strong>iura</strong></span> <span class='ocrx_word' id='word_1_178' title='bbox 338 2052 436 2106; x_wconf 87' lang='lat' dir='ltr'><strong>divina</strong></span> <span class='ocrx_word' id='word_1_179' title='bbox 451 2058 479 2108; x_wconf 89' lang='lat' dir='ltr'><strong>et</strong></span> <span class='ocrx_word' id='word_1_180' title='bbox 494 2053 616 2105; x_wconf 88' lang='lat' dir='ltr'><strong>humana</strong></span> <span class='ocrx_word' id='word_1_181' title='bbox 634 2053 767 2122; x_wconf 85' lang='lat' dir='ltr'><strong>pervertit</strong></span> <span class='ocrx_word' id='word_1_182' title='bbox 785 2059 901 2122; x_wconf 92' lang='lat' dir='ltr'><strong>propter</strong></span> <span class='ocrx_word' id='word_1_183' title='bbox 915 2073 986 2124; x_wconf 88' lang='lat' dir='ltr'><strong>eum,</strong></span> 
     </span>
     <span class='ocr_line' id='line_1_26' title="bbox 147 2132 986 2204; baseline 0.007 -21"><span class='ocrx_word' id='word_1_184' title='bbox 147 2147 231 2198; x_wconf 88' lang='lat' dir='ltr'><strong>quem</strong></span> <span class='ocrx_word' id='word_1_185' title='bbox 246 2132 374 2202; x_wconf 83' lang='lat' dir='ltr'><strong>sibiipsa</strong></span> <span class='ocrx_word' id='word_1_186' title='bbox 390 2133 532 2203; x_wconf 86' lang='lat' dir='ltr'><strong>opinionis</strong></span> <span class='ocrx_word' id='word_1_187' title='bbox 547 2149 638 2186; x_wconf 89' lang='lat' dir='ltr'><strong>errore</strong></span> <span class='ocrx_word' id='word_1_188' title='bbox 650 2133 775 2202; x_wconf 84' lang='lat' dir='ltr'><strong>finxerat,</strong></span> <span class='ocrx_word' id='word_1_189' title='bbox 789 2134 986 2204; x_wconf 87' lang='lat' dir='ltr'><strong>principatum.</strong></span> 
     </span>
     <span class='ocr_line' id='line_1_27' title="bbox 146 2212 987 2283; baseline 0.007 -21"><span class='ocrx_word' id='word_1_190' title='bbox 146 2212 199 2263; x_wconf 83' lang='lat' dir='ltr'><strong>Est</strong></span> <span class='ocrx_word' id='word_1_191' title='bbox 212 2216 306 2266; x_wconf 88' lang='lat' dir='ltr'><strong>autem</strong></span> <span class='ocrx_word' id='word_1_192' title='bbox 320 2213 351 2264; x_wconf 90' lang='lat' dir='ltr'><strong>in</strong></span> <span class='ocrx_word' id='word_1_193' title='bbox 365 2213 420 2266; x_wconf 90' lang='lat' dir='ltr'><strong>hoc</strong></span> <span class='ocrx_word' id='word_1_194' title='bbox 434 2229 536 2283; x_wconf 87' lang='lat' dir='ltr'><strong>genere</strong></span> <span class='ocrx_word' id='word_1_195' title='bbox 551 2215 707 2281; x_wconf 87' lang='lat' dir='ltr'><strong>molestum,</strong></span> <span class='ocrx_word' id='word_1_196' title='bbox 721 2216 799 2280; x_wconf 91' lang='lat' dir='ltr'><strong>quod</strong></span> <span class='ocrx_word' id='word_1_197' title='bbox 812 2214 843 2266; x_wconf 90' lang='lat' dir='ltr'><strong>in</strong></span> <span class='ocrx_word' id='word_1_198' title='bbox 857 2215 987 2268; x_wconf 81' lang='lat' dir='ltr'><strong>maximis</strong></span> 
     </span>
     <span class='ocr_line' id='line_1_28' title="bbox 147 2292 988 2364; baseline 0.002 -19"><span class='ocrx_word' id='word_1_199' title='bbox 147 2292 247 2345; x_wconf 88' lang='lat' dir='ltr'><strong>animis</strong></span> <span class='ocrx_word' id='word_1_200' title='bbox 269 2293 559 2362; x_wconf 86' lang='lat' dir='ltr'><strong>splendidissimisque</strong></span> <span class='ocrx_word' id='word_1_201' title='bbox 579 2294 701 2364; x_wconf 86' lang='lat' dir='ltr'><strong>ingeniis</strong></span> <span class='ocrx_word' id='word_1_202' title='bbox 721 2295 884 2362; x_wconf 87' lang='lat' dir='ltr'><strong>plerumque</strong></span> <span class='ocrx_word' id='word_1_203' title='bbox 904 2296 988 2348; x_wconf 79' lang='lat' dir='ltr'><strong>exeis</strong></span> 
     </span>
     <span class='ocr_line' id='line_1_29' title="bbox 146 2373 985 2444; baseline 0.007 -21"><span class='ocrx_word' id='word_1_204' title='bbox 146 2375 211 2424; x_wconf 84' lang='lat' dir='ltr'><strong>tunt</strong></span> <span class='ocrx_word' id='word_1_205' title='bbox 231 2373 354 2441; x_wconf 85' lang='lat' dir='ltr'><strong>honoris,</strong></span> <span class='ocrx_word' id='word_1_206' title='bbox 373 2373 492 2444; x_wconf 88' lang='lat' dir='ltr'><strong>imperii,</strong></span> <span class='ocrx_word' id='word_1_207' title='bbox 511 2375 662 2443; x_wconf 87' lang='lat' dir='ltr'><strong>potentiae,</strong></span> <span class='ocrx_word' id='word_1_208' title='bbox 681 2375 787 2442; x_wconf 87' lang='lat' dir='ltr'><strong>gloriae</strong></span> <span class='ocrx_word' id='word_1_209' title='bbox 809 2375 985 2444; x_wconf 88' lang='lat' dir='ltr'><strong>cupiditates.</strong></span> 
     </span>
     <span class='ocr_line' id='line_1_30' title="bbox 147 2451 987 2524; baseline 0.005 -22"><span class='ocrx_word' id='word_1_210' title='bbox 147 2451 210 2514; x_wconf 75' lang='lat' dir='ltr'><strong>Quo</strong></span> <span class='ocrx_word' id='word_1_211' title='bbox 228 2453 318 2520; x_wconf 84' lang='lat' dir='ltr'><strong>magis</strong></span> <span class='ocrx_word' id='word_1_212' title='bbox 335 2455 493 2506; x_wconf 89' lang='lat' dir='ltr'><strong>cavendum</strong></span> <span class='ocrx_word' id='word_1_213' title='bbox 511 2458 553 2506; x_wconf 89' lang='lat' dir='ltr'><strong>est</strong></span> <span class='ocrx_word' id='word_1_214' title='bbox 570 2453 691 2521; x_wconf 89' lang='lat' dir='ltr'><strong>nequid</strong></span> <span class='ocrx_word' id='word_1_215' title='bbox 708 2454 739 2506; x_wconf 88' lang='lat' dir='ltr'><strong>in</strong></span> <span class='ocrx_word' id='word_1_216' title='bbox 754 2471 787 2507; x_wconf 89' lang='lat' dir='ltr'><strong>eo</strong></span> <span class='ocrx_word' id='word_1_217' title='bbox 805 2471 906 2524; x_wconf 78' lang='lat' dir='ltr'><strong>genere</strong></span> <span class='ocrx_word' id='word_1_218' title='bbox 924 2471 987 2523; x_wconf 89' lang='lat' dir='ltr'><strong>pcc-</strong></span> 
     </span>
     <span class='ocr_line' id='line_1_31' title="bbox 147 2533 987 2603; baseline 0.008 -23"><span class='ocrx_word' id='word_1_219' title='bbox 147 2537 232 2583; x_wconf 90' lang='lat' dir='ltr'><strong>cetur.</strong></span> <span class='ocrx_word' id='word_1_220' title='bbox 269 2535 311 2584; x_wconf 78' lang='lat'><strong>27.</strong></span> <span class='ocrx_word' id='word_1_221' title='bbox 328 2533 384 2584; x_wconf 79' lang='lat' dir='ltr'><strong>Sed</strong></span> <span class='ocrx_word' id='word_1_222' title='bbox 398 2533 428 2584; x_wconf 91' lang='lat' dir='ltr'><strong>in</strong></span> <span class='ocrx_word' id='word_1_223' title='bbox 444 2533 520 2585; x_wconf 90' lang='lat' dir='ltr'><strong>omni</strong></span> <span class='ocrx_word' id='word_1_224' title='bbox 534 2533 673 2586; x_wconf 89' lang='lat' dir='ltr'><strong>iniustitia</strong></span> <span class='ocrx_word' id='word_1_225' title='bbox 688 2533 858 2603; x_wconf 88' lang='lat' dir='ltr'><strong>permultum</strong></span> <span class='ocrx_word' id='word_1_226' title='bbox 873 2535 987 2587; x_wconf 82' lang='lat' dir='ltr'><strong>interest</strong></span> 
     </span>
     <span class='ocr_line' id='line_1_32' title="bbox 146 2611 986 2684; baseline 0.007 -24"><span class='ocrx_word' id='word_1_227' title='bbox 146 2614 239 2660; x_wconf 88' lang='lat' dir='ltr'><strong>utrum</strong></span> <span class='ocrx_word' id='word_1_228' title='bbox 263 2611 472 2678; x_wconf 85' lang='lat' dir='ltr'><strong>perturbatione</strong></span> <span class='ocrx_word' id='word_1_229' title='bbox 493 2613 588 2679; x_wconf 87' lang='lat' dir='ltr'><strong>aliqua</strong></span> <span class='ocrx_word' id='word_1_230' title='bbox 613 2613 707 2680; x_wconf 81' lang='lat' dir='ltr'><strong>animi,</strong></span> <span class='ocrx_word' id='word_1_231' title='bbox 730 2631 800 2681; x_wconf 86' lang='lat' dir='ltr'><strong>quae</strong></span> <span class='ocrx_word' id='word_1_232' title='bbox 823 2617 986 2684; x_wconf 87' lang='lat' dir='ltr'><strong>plerumque</strong></span> 
     </span>
     <span class='ocr_line' id='line_1_33' title="bbox 116 2687 987 2764; baseline 0.01 -26"><span class='ocrx_word' id='word_1_233' title='bbox 116 2723 119 2728; x_wconf 87' lang='lat'><em>-</em></span> <span class='ocrx_word' id='word_1_234' title='bbox 146 2687 238 2740; x_wconf 87' lang='lat' dir='ltr'><strong>brevis</strong></span> <span class='ocrx_word' id='word_1_235' title='bbox 256 2693 345 2762; x_wconf 83' lang='lat' dir='ltr'><strong>estet</strong></span> <span class='ocrx_word' id='word_1_236' title='bbox 363 2692 400 2744; x_wconf 88' lang='lat' dir='ltr'><strong>ad</strong></span> <span class='ocrx_word' id='word_1_237' title='bbox 415 2696 533 2760; x_wconf 86' lang='lat' dir='ltr'><strong>tempus,</strong></span> <span class='ocrx_word' id='word_1_238' title='bbox 548 2708 585 2744; x_wconf 89' lang='lat' dir='ltr'><strong>an</strong></span> <span class='ocrx_word' id='word_1_239' title='bbox 603 2694 730 2745; x_wconf 90' lang='lat' dir='ltr'><strong>consulto</strong></span> <span class='ocrx_word' id='word_1_240' title='bbox 748 2699 777 2746; x_wconf 88' lang='lat' dir='ltr'><strong>et</strong></span> <span class='ocrx_word' id='word_1_241' title='bbox 796 2695 920 2764; x_wconf 78' lang='lat' dir='ltr'><strong>cogitata</strong></span> <span class='ocrx_word' id='word_1_242' title='bbox 938 2695 987 2747; x_wconf 84' lang='lat' dir='ltr'><strong>liat</strong></span> 
     </span>
     <span class='ocr_line' id='line_1_34' title="bbox 146 2767 986 2842; baseline 0.007 -22"><span class='ocrx_word' id='word_1_243' title='bbox 146 2767 254 2822; x_wconf 85' lang='lat' dir='ltr'><strong>iniuria.</strong></span> <span class='ocrx_word' id='word_1_244' title='bbox 291 2770 409 2823; x_wconf 84' lang='lat' dir='ltr'><strong>Leviora</strong></span> <span class='ocrx_word' id='word_1_245' title='bbox 423 2771 498 2824; x_wconf 89' lang='lat' dir='ltr'><strong>enim</strong></span> <span class='ocrx_word' id='word_1_246' title='bbox 513 2776 579 2824; x_wconf 89' lang='lat' dir='ltr'><strong>sunt</strong></span> <span class='ocrx_word' id='word_1_247' title='bbox 594 2789 633 2838; x_wconf 87' lang='lat' dir='ltr'><strong>ea,</strong></span> <span class='ocrx_word' id='word_1_248' title='bbox 647 2789 718 2840; x_wconf 85' lang='lat' dir='ltr'><strong>quae</strong></span> <span class='ocrx_word' id='word_1_249' title='bbox 733 2775 879 2842; x_wconf 88' lang='lat' dir='ltr'><strong>repentino</strong></span> <span class='ocrx_word' id='word_1_250' title='bbox 891 2775 986 2841; x_wconf 91' lang='lat' dir='ltr'><strong>aliquo</strong></span> 
     </span>
     <span class='ocr_line' id='line_1_35' title="bbox 146 2849 987 2922; baseline 0.008 -23"><span class='ocrx_word' id='word_1_251' title='bbox 146 2851 225 2899; x_wconf 91' lang='lat' dir='ltr'><strong>motu</strong></span> <span class='ocrx_word' id='word_1_252' title='bbox 238 2849 379 2918; x_wconf 84' lang='lat' dir='ltr'><strong>accidunt,</strong></span> <span class='ocrx_word' id='word_1_253' title='bbox 394 2867 479 2918; x_wconf 90' lang='lat' dir='ltr'><strong>quam</strong></span> <span class='ocrx_word' id='word_1_254' title='bbox 493 2868 533 2919; x_wconf 87' lang='lat' dir='ltr'><strong>ea,</strong></span> <span class='ocrx_word' id='word_1_255' title='bbox 546 2868 618 2919; x_wconf 89' lang='lat' dir='ltr'><strong>quae</strong></span> <span class='ocrx_word' id='word_1_256' title='bbox 631 2853 767 2905; x_wconf 90' lang='lat' dir='ltr'><strong>meditata</strong></span> <span class='ocrx_word' id='word_1_257' title='bbox 779 2858 808 2905; x_wconf 90' lang='lat' dir='ltr'><strong>et</strong></span> <span class='ocrx_word' id='word_1_258' title='bbox 822 2860 987 2922; x_wconf 85' lang='lat' dir='ltr'><strong>praeparata</strong></span> 
     </span>
     <span class='ocr_line' id='line_1_36' title="bbox 146 2928 987 3000; baseline 0.007 -20"><span class='ocrx_word' id='word_1_259' title='bbox 146 2928 309 2986; x_wconf 85' lang='lat' dir='ltr'><strong>inferuntur.</strong></span> <span class='ocrx_word' id='word_1_260' title='bbox 346 2932 434 2984; x_wconf 84' lang='lat' dir='ltr'><strong>Aede</strong></span> <span class='ocrx_word' id='word_1_261' title='bbox 449 2930 594 2985; x_wconf 88' lang='lat' dir='ltr'><strong>inferenda</strong></span> <span class='ocrx_word' id='word_1_262' title='bbox 607 2932 723 3000; x_wconf 89' lang='lat' dir='ltr'><strong>quidem</strong></span> <span class='ocrx_word' id='word_1_263' title='bbox 735 2932 837 2986; x_wconf 88' lang='lat' dir='ltr'><strong>iniuria</strong></span> <span class='ocrx_word' id='word_1_264' title='bbox 849 2933 916 2986; x_wconf 87' lang='lat' dir='ltr'><strong>satis</strong></span> <span class='ocrx_word' id='word_1_265' title='bbox 929 2933 987 2986; x_wconf 91' lang='lat' dir='ltr'><strong>dic-</strong></span> 
     </span>
     <span class='ocr_line' id='line_1_37' title="bbox 146 3013 756 3063; baseline 0.007 -2"><span class='ocrx_word' id='word_1_266' title='bbox 146 3013 268 3063; x_wconf 81' lang='lat' dir='ltr'><strong>tumeat.</strong></span> <span class='ocrx_word' id='word_1_267' title='bbox 718 3027 719 3032; x_wconf 54' lang='lat'>¹</span> <span class='ocrx_word' id='word_1_268' title='bbox 755 3051 756 3056; x_wconf 20' lang='grc' dir='ltr'>η</span> 
     </span>
    </p>

    <p class='ocr_par' dir='ltr' id='par_1_7' title="bbox 181 3089 988 3148">
     <span class='ocr_line' id='line_1_38' title="bbox 181 3089 988 3148; baseline 0.007 -6"><span class='ocrx_word' id='word_1_269' title='bbox 181 3089 231 3143; x_wconf 88' lang='grc' dir='ltr'><strong>ΙΧ.</strong></span> <span class='ocrx_word' id='word_1_270' title='bbox 269 3093 311 3144; x_wconf 82' lang='lat'><strong>28.</strong></span> <span class='ocrx_word' id='word_1_271' title='bbox 326 3089 594 3144; x_wconf 86' lang='lat' dir='ltr'><strong>Praetermittendae</strong></span> <span class='ocrx_word' id='word_1_272' title='bbox 613 3095 706 3145; x_wconf 85' lang='lat' dir='ltr'><strong>autem</strong></span> <span class='ocrx_word' id='word_1_273' title='bbox 724 3089 894 3146; x_wconf 86' lang='lat' dir='ltr'><strong>defensionis</strong></span> <span class='ocrx_word' id='word_1_274' title='bbox 911 3092 988 3148; x_wconf 82' lang='lat' dir='ltr'><strong>dese-</strong></span> 
     </span>
    </p>
   </div>
   <div class='ocr_carea' id='block_1_7' title="bbox 0 0 1140 3442">
    <p class='ocr_par' dir='ltr' id='par_1_8' title="bbox 0 0 1140 3442">
     <span class='ocr_line' id='line_1_39' title="bbox 0 0 1140 3442; baseline 0 0"><span class='ocrx_word' id='word_1_275' title='bbox 0 0 1140 3442; x_wconf 95' lang='lat' dir='ltr'><strong> </strong></span> 
     </span>
    </p>
   </div>
  </div>
 </body>
</html>
