2256 3448
150 111 183 157 90
463 105 513 153 DE
530 105 683 154 olricus

149 193 268 245 referant
277 190 360 243 obliti
372 190 583 242 commodorum
593 205 713 257 suorum,
725 190 849 258 alterum,
860 193 892 243 ut
902 193 991 245 totum

149 289 250 340 corpus
267 272 307 324 rei
325 270 455 339 publicae
473 274 577 338 curent,
596 286 639 337 ne,
656 270 724 322 dum
742 275 850 339 partem
870 271 991 340 aliquam

149 357 270 419 tuentur,
289 351 410 418 reliquas
429 351 565 403 deserant.
604 351 644 402 Ut
662 349 737 402 enim
756 352 852 419 tutela,
872 351 913 404 sic
931 370 990 422 pro

149 431 257 485 curatio
270 431 448 500 reipublicae
461 431 498 483 ad
511 445 607 482 eorum
619 429 780 505 utilitatem,
792 431 842 498 qui
852 433 990 486 commissi

149 517 221 596 sqnt,
236 529 295 565 non
317 513 354 565 ad
376 527 480 578 eorum,
496 511 598 578 quibus
620 511 775 578 commissa,
795 515 921 580 gerenda
942 519 988 568 est.

149 593 205 659 Qui
220 598 314 646 autem
328 593 404 662 parti
416 592 520 648 civium
532 591 690 658 consulunt,
704 595 814 660 partem
828 595 988 662 neglegunt,

148 690 207 726 rem
224 673 487 744 perniciosissimam
504 672 534 724 in
552 670 697 746 ciuitatem
715 671 862 740 inducunt,
878 674 990 726 seditio

148 771 212 806 nem
226 759 309 823 atque
326 753 511 806 discordiam:
529 767 637 818 exque
653 751 795 805 evenit-ut
811 753 860 806 alii
873 754 989 823 popula-

147 851 199 901 res,
213 835 264 887 alii
275 825 508 902 studiosi'optimi
522 832 656 899 cuiusque
669 833 825 903 videantur,
835 835 919 902 pauci
931 835 989 886 uni-

147 929 296 968 versorum.
335 917 375 966 86.
392 913 467 966 Hinc
489 914 567 982 apud
588 913 774 967 Athenienses
793 915 913 984 magnae
935 915 990 968 dis-

148 994 267 1061 cordiae,
277 995 308 1045 in
320 997 416 1046 nostra
428 993 582 1062 republica
594 1011 652 1046 non
665 996 756 1046 solum
769 995 929 1063 seditiones,
940 994 990 1048 sed

147 1075 233 1126 etiam
242 1073 372 1142 pestifera
382 1075 455 1126 bella
469 1073 577 1128 civilia:
598 1091 670 1142 quae
682 1075 776 1144 gravis
789 1079 817 1128 et
829 1075 909 1128 fortis
919 1075 989 1128 civis

146 1155 218 1206 etin
230 1171 259 1206 re
274 1155 388 1224 publica
404 1154 508 1224 dignus
520 1155 680 1226 principatu
693 1155 783 1224 fugiet
798 1156 989 1225 atqueoderit

146 1235 294 1302 tradetque
307 1251 335 1288 se
348 1238 441 1290 totum
453 1235 493 1288 rei
505 1236 634 1305 publicae
647 1251 738 1305 neque
751 1252 818 1306 opes
831 1240 880 1288 aut
891 1229 992 1306 poten?

147 1315 216 1369 tiam
231 1315 436 1369 consectabitur
450 1321 594 1384 totamque
609 1333 671 1369 eam
686 1317 725 1369 sic
740 1316 870 1384 tuebitur,
884 1321 916 1368 ut
931 1333 989 1369 om·

147 1396 230 1450 nibus
246 1399 381 1452 consulat.
419 1399 479 1450 Neo
493 1414 559 1452 vero
576 1397 739 1449 criminibus
753 1395 830 1448 falsis
845 1397 875 1448 in
891 1396 989 1449 odium

146 1483 196 1529 aut
208 1477 345 1531 invidiam
359 1494 527 1545 quemquam
540 1478 661 1546 vocabit,
675 1477 845 1548 omninoque
857 1477 898 1530 ita
910 1478 988 1530 iusti-

147 1557 202 1610 tiae
221 1558 417 1626 honestatique
437 1559 621 1625 adhaerescet,
639 1562 679 1626 ut,
699 1559 817 1610 dumea
835 1563 987 1624 conservet,

147 1639 276 1704 quamvis
290 1639 413 1708 graviter
427 1639 552 1692 offendat
570 1643 743 1706 mortemque
762 1643 878 1708 oppetat
892 1639 988 1708 potius

147 1734 232 1784 quam
251 1721 359 1771 deserat
377 1719 433 1786 illa,
447 1736 518 1786 quae
537 1719 605 1772 dixi.
644 1721 685 1772 87.
701 1719 855 1784 Miserrima
873 1719 987 1770 omnino

147 1801 190 1848 est
208 1797 324 1849 ambitio
343 1799 536 1867 honorumque
555 1799 705 1865 contenti0,
720 1800 756 1852 de
775 1815 830 1866 qua
847 1801 988 1868 praeclare

147 1877 224 1944 apud
237 1877 365 1930 eumdem
380 1883 422 1930 cst
434 1879 589 1948 Platonem,
605 1875 759 1932 “similiter
771 1879 859 1932 facere
873 1895 927 1947 eos,
938 1879 988 1947 qui

146 1957 220 2010 inter
237 1959 479 2012 se'contenderent
491 1965 553 2014 uter
564 1960 659 2030 potius
674 1975 732 2012 rem
744 1960 887 2029 publicam
900 1960 988 2028 admi-

147 2037 283 2107 nistraret,
293 2043 325 2091 ut
338 2039 362 2091 si
374 2046 475 2092 nautae
486 2045 623 2094 certarent
633 2040 696 2108 quis
706 2057 800 2093 eorum
809 2039 988 2110 potissimum

147 2120 340 2187 gubernaret‚”
377 2121 512 2188 Idemque
527 2121 672 2190 praecipit,
686 2126 719 2173 ut
732 2123 747 2150 “
756 2137 802 2174 eos
811 2121 988 2174 'adversarios

147 2199 344 2267 existimemus,
357 2200 407 2268 qui
421 2217 497 2253 arma
512 2205 608 2253 contra
622 2200 721 2268 ferant,
735 2217 792 2252 non
805 2217 859 2267 eos,
873 2200 922 2268 qui
937 2215 987 2253 suo

147 2280 252 2334 iudicio
265 2282 337 2335 tueri
350 2281 561 2350 rempublicam
574 2281 688 2350 velint,’'
703 2281 794 2348 qualis
806 2281 860 2334 fuit
870 2282 945 2334 -inter
956 2285 986 2336 P.

147 2361 310 2416 Africanum
323 2368 351 2416 et
365 2363 397 2429 Q.
408 2364 550 2415 Metellum
564 2362 622 2414 sine
635 2363 786 2414 acerbitate
799 2361 943 2415 dissensio

183 2445 224 2496 88.
241 2445 379 2496 Nec'vero
392 2443 536 2510 audiendi,
550 2443 600 2510 qui
612 2443 736 2511 graviter·
748 2443 923 2494 irascendum
935 2442 987 2494 ini-

146 2521 226 2574 micis
246 2524 388 2590 putabunt
407 2525 494 2591 idque
516 2524 690 2592 magnanimi
710 2528 738 2576 et
757 2523 838 2575 fortis
856 2523 911 2576 viri
930 2539 987 2575 esse

146 2601 306 2655 censebunt.
344 2603 425 2654 Nihil
447 2603 521 2656 enim
542 2604 721 2671 laudabilius,
741 2603 813 2655 nihil
833 2619 936 2672 magno
959 2608 988 2654 et

146 2683 287 2750 praeclaro
302 2683 363 2736 viro
382 2685 497 2753 dignius
516 2685 709 2754 placabilitate
727 2690 811 2752 atque
830 2683 986 2736 clementia.

147 2764 180 2815 In
199 2761 293 2814 liberis
308 2779 372 2815 vero
391 2765 504 2833 populis
524 2770 551 2817 et
565 2765 595 2816 in
610 2765 678 2817 iuris
697 2764 896 2832 aequabilitate
906 2780 988 2816 ‘exer-

147 2843 236 2895 cenda
246 2841 332 2898 ctiam,
340 2847 382 2894 cst
394 2843 514 2896 facilitas
524 2849 551 2896 et
564 2845 686 2898 altitudo
697 2845 782 2896 animi
793 2861 864 2912 quae
875 2845 987 2912 dicitur,

147 2940 188 2990 ne,
200 2922 224 2974 si
236 2919 385 2975 irascamur
398 2929 445 2976 aut
458 2925 655 2992 intempestive
668 2925 872 2980 accedentibus
880 2929 928 2977 aut
937 2925 988 2977 im·

147 3006 284 3072 pudenter
296 3004 467 3071 rogant-ibus,
481 3006 510 3055 in
525 3005 715 3057 morositatem
727 3006 856 3058 inutilem
869 3011 897 3058 et
910 3005 988 3058 odio-

147 3099 205 3134 sam
219 3083 384 3136 incidamus.
420 3084 458 3135 Et
473 3089 566 3135 tamen
582 3083 622 3135 ita
637 3085 782 3152 probanda
801 3093 842 3138 est
860 3101 988 3139 mansue·
