2256 3448
151 149 183 198 88
462 147 512 196 ΒΕ
529 147 682 197 curicus

150 233 181 284 in
203 232 290 286 animi
310 248 375 284 cura
397 236 424 284 et
444 231 631 301 cogitatione:
654 231 684 283 in
703 247 760 298 quo
778 246 836 283 non
856 231 992 284 minorem

150 313 302 366 utilitatem
324 312 454 365 adferunt
473 312 522 380 qui
539 312 631 380 togati
650 311 690 364 rei
710 312 992 381 publicae-praesunt
1043 348 1048 362 .

150 411 234 461 quam
244 393 293 462 qui
303 393 408 444 bellum
421 397 531 462 gerunt.
568 393 667 460 Itaque
677 408 772 444 eorum
782 392 900 444 consilio
909 408 991 462 saepe

150 480 264 527 autnon
275 479 402 543 suscepta
412 478 461 525 aut
470 473 598 526 confecta
607 473 681 525 bella
691 479 764 540 sunt,
773 489 830 524 uon
839 489 991 541 numquam

149 555 235 607 etiam
252 555 340 623 illata,
356 558 388 606 ut
407 554 444 606 M.
456 553 570 606 Catonis
589 554 694 605 bellum
713 552 827 605 tertium
845 553 990 622 Punicum,

149 635 179 687 in
189 652 245 704 quo
258 635 343 690 etiam
355 634 459 687 mortui
471 633 562 686 valuit
574 633 732 686 aucton‘tas.
770 636 813 686 80.
831 634 933 699 Quare
946 651 990 686 ex-

149 719 272 786 petenda
284 717 399 784 quidem
413 713 503 783 magis
518 718 560 766 est
575 713 743 786 decernendi
758 714 831 766 ratio
846 731 929 781 quam
945 715 990 766 de·

150 797 275 850 certandi
288 797 433 861 fortitudo,
444 794 492 846 sed
506 793 662 846 cavendum
674 809 709 846 ne
722 793 753 845 id
765 794 892 847 bellandi
901 796 989 865 magis

149 877 217 946 fuga
230 893 313 945 quam
325 875 456 928 utilitatis
469 874 576 926 ratione
589 873 730 928 faciamus.
904 893 908 918 ι

184 959 295 1009 Bellum
308 962 400 1008 auteur
412 955 453 1008 ita
465 955 640 1024 suscipiatur,
651 960 682 1006 ut
695 955 767 1008 nihil
780 957 860 1009 aliud
871 957 925 1009 nisi
934 973 989 1026 pax

149 1037 275 1104 quaesita
287 1036 422 1090 videatur.
460 1036 554 1088 Fortis
564 1051 628 1090 vero
642 1035 729 1088 animi
742 1041 769 1088 et
782 1037 935 1090 constantis
947 1043 989 1090 est

148 1133 206 1168 non
220 1115 376 1185 perturbari
391 1115 421 1167 iu
435 1116 518 1168 rebus
537 1116 639 1185 asperis
654 1131 706 1168 neo
722 1119 939 1170 tumultuantem
954 1119 989 1170 de

148 1198 239 1265 gradu
253 1197 345 1264 deiiei,
356 1200 388 1248 ut
401 1196 512 1264 dicitur,
522 1197 570 1249 scd
581 1197 720 1266 praesenti
732 1197 825 1250 animo
835 1197 878 1250 uti
888 1202 916 1250 et
926 1213 988 1250 con·

148 1277 211 1329 silio
224 1294 276 1330 nec
288 1277 421 1330 aratione
434 1277 584 1330 discedere.
622 1279 663 1331 81.
680 1278 858 1345 Quamquam
867 1278 921 1330 hoc
932 1278 988 1330 ani-

148 1357 194 1426 mi,
210 1357 282 1410 illud
301 1357 384 1411 etiam
402 1357 509 1426 ingenii
527 1357 623 1426 magni
642 1362 690 1422 est,
705 1357 865 1428 praecipere
884 1358 988 1426 cogita·

147 1438 224 1492 tione
234 1439 326 1492 sutura
336 1443 364 1491 et
374 1438 517 1506 aliquanto
530 1443 594 1490 ante
604 1437 772 1490 constituere
782 1438 852 1506 quid
862 1433 988 1491 accidere

141 1519 236 1586 ‘possit
253 1519 284 1570 in
298 1524 445 1585 utramque
459 1525 567 1586 partem
582 1522 611 1569 et
626 1517 695 1584 quid
711 1519 852 1586 agendum
867 1518 911 1586 sit,
925 1534 988 1571 cum

147 1599 218 1666 quid
233 1600 362 1667 evenerit,
376 1615 427 1651 nee
439 1598 612 1651 committere
624 1603 657 1650 ut
669 1598 821 1666 aliquando
834 1599 987 1652 dicendum

147 1679 197 1740 sit:
218 1681 307 1732 “Non
321 1680 475 1748 putaram.”
513 1679 590 1730 Haec
609 1683 674 1731 suut
689 1695 772 1748 opera
790 1680 887 1749 magni
901 1680 987 1733 animi

147 1764 175 1809 et
193 1759 296 1811 excelsi
313 1765 341 1811 ct
357 1759 509 1828 prudentia
521 1759 700 1828 consilioque
716 1760 837 1816 fidentis.
853 1772 859 1798 ³
874 1763 987 1814 Temere

146 1844 241 1889 autem
259 1840 290 1890 in
309 1838 367 1890 acie
385 1839 488 1891 versari
507 1845 535 1892 et
553 1856 637 1892 manu
656 1856 720 1892 cum
739 1841 818 1894 hoste
837 1842 987 1911 confligere

146 1919 267 1974 immane
290 1918 426 1986 quiddam
450 1924 478 1972 ct
500 1920 643 1973 beluarum
667 1921 757 1973 simile
782 1926 831 1989 est,
851 1923 900 1976 sed
923 1939 986 1975 cum

146 2005 257 2067 tempus
272 1991 474 2067 necessitasque
487 2002 619 2070 postulat,
633 1995 836 2054 decertandum
848 2019 932 2056 manu
945 2008 986 2056 est

146 2084 174 2130 et
186 2095 261 2131 mors
274 2079 401 2132 servituti
414 2080 639 2150 turpitudinique
653 2083 855 2150 anteponenda.
938 2095 940 2099 ·

181 2159 285 2215 XXIV.
302 2197 304 2204 ,
318 2163 359 2214 82.
376 2161 419 2213 De
431 2161 590 2236 evertendis
603 2166 696 2214 autem
709 2162 931 2231 diripiendisque
942 2179 985 2216 ur·

146 2240 228 2293 bibus
249 2242 332 2295 valde
354 2237 588 2294 considerandum
610 2247 652 2294 est
674 2257 709 2294 ne
732 2242 802 2309 quid
824 2247 934 2308 temere,
950 2259 984 2295 ne

145 2321 216 2387 quid
231 2322 402 2376 crudeliter..
426 2321 516 2389 quue
531 2327 573 2374 est
587 2322 641 2375 viri
657 2323 855 2392 magnirebus
871 2323 985 2391 agitatis

144 2401 244 2468 punire
263 2408 363 2470 sontes,
376 2401 588 2454 multitudinem
606 2418 775 2470 conservare,
788 2403 819 2454 in
837 2403 914 2455 omni
931 2403 984 2455 for·

144 2487 214 2533 tuna
223 2489 297 2534 recta
307 2488 391 2549 atque
400 2483 517 2536 honesta
527 2483 662 2537 retinere:
684 2485 723 2537 Ut
733 2483 807 2536 enim
818 2490 985 2551 sunt-quem

144 2562 182 2612 ad
195 2563 311 2614 modum
323 2576 407 2631 supra
420 2563 488 2631 dixi,
503 2565 553 2630 qui
565 2564 678 2617 urbanis
691 2565 772 2617 rebus
783 2565 898 2617 bellicas
910 2570 984 2616 ante-

144 2646 259 2708 ponant,
272 2641 312 2693 sic
325 2643 445 2711 reperies
457 2645 561 2696 multos
573 2644 675 2711 quibus
686 2645 841 2714 periculosa
854 2651 882 2697 et
893 2644 985 2697 calida

144 2720 262 2772 consiliu
278 2715 380 2788 quietis
395 2729 422 2775 et
437 2723 568 2793 cogitetis
584 2729 611 2777 et
630 2725 823 2794 splendidiora
838 2720 865 2776 ct
880 2726 985 2776 maiora

62 2861 64 2866 Ι
143 2801 300 2855 videantur.
338 2805 379 2856 83.
396 2805 556 2872 Numquam
571 2805 685 2857 omnino
697 2805 817 2874 periculi
831 2805 898 2872 fuga
911 2819 984 2856 com-

143 2881 313 2934 mittendum
335 2889 376 2934 est
398 2889 430 2936 ut
448 2884 574 2937 imbelles
595 2885 743 2952 timidique
762 2885 916 2950 videamur,
934 2876 984 2936 'sid

142 2961 309 3030 fugiendum
321 2962 394 3016 illud
408 2965 499 3030 etiam,
512 2981 547 3016 ne
560 2964 706 3017 offeramus
718 2981 769 3018 nos
781 2964 913 3033 periculis
925 2964 984 3016 sine

143 3059 303 3110 causaque
323 3059 380 3095 esse
399 3044 471 3094 nilril
489 3050 584 3111 potest
602 3045 721 3097 stultius.
759 3046 937 3113 Quapropter·
954 3045 984 3097 in

143 3121 440 3192 adeundis-perieulis·
455 3115 629 3180 consuetudo
650 3123 789 3176 imitanda
810 3125 985 3178 medicorum
