2272 3442
343 145 434 194 utro
451 145 583 196 MsJou.
617 147 693 196 OAP.
713 147 789 196 xri.
960 147 988 195 19

138 225 214 282 'enim
233 244 287 282 non
305 227 385 296 lenge
403 245 420 281 a
438 245 491 294 me,
512 228 642 282 admirari
662 229 729 282 satis
747 245 800 282 non
818 244 928 297 possum
944 227 989 281 vel

141 304 257 358 hominis
272 303 357 371 ipsius
373 305 567 358 continentiam
582 305 625 357 vel
642 308 797 374 temporum
813 304 990 371 disciplinam.

140 379 222 432 Curio
236 379 271 432 ad
285 379 374 432 focum
389 380 497 433 sedenti
514 397 642 447 magnum
655 381 714 433 auri
730 380 838 448 pondus
855 381 990 434 Samnites

139 471 223 521 quum
238 454 404 522 attulissent,
422 455 560 523 repudiati
578 459 656 519 sunt;
676 473 729 509 non
746 457 817 508 enim
832 472 928 508 aurum
946 455 991 507 lra-

140 528 204 584 bcrc
218 531 387 598 praeclarum
406 531 458 583 sibi
474 532 560 583 videri
576 532 654 598 dixit,
679 533 729 585 sed
743 533 777 584 iis
794 532 841 600 qui
857 531 990 584 haberent

139 623 236 658 {rurum
248 607 390 674 imperare.
425 613 465 660 56.
485 607 633 660 Poteratne
645 611 740 661 tantus
752 608 857 660 animus
869 625 922 660 non
935 607 990 660 effi-

139 699 202 735 cere
210 681 361 750 jucundam
374 684 561 740 senectutem?
600 683 655 736 Sed
667 684 745 736 venio
757 683 793 736 ad
805 683 943 750 amiculas,
955 699 990 736 ne
1032 731 1036 736 .

139 775 156 810 a
170 775 214 810 me
227 759 286 826 ipso
305 758 438 812 recedam.
480 759 513 811 In
532 759 605 827 agris
624 763 703 813 erant
721 762 781 812 tum
798 762 945 825 senatores,
960 759 990 812 id

139 837 183 887 est
194 851 288 900 senes;
307 834 442 902 siquidem
461 836 550 888 aranti
568 835 598 888 L.
611 835 737 899 Quinctio
750 835 909 888 Cincinnato
924 851 990 886 nun-

140 911 238 962 tiatum
251 914 293 964 est
306 907 368 964 cuni
383 910 545 964 dictatorem
558 929 618 964 esse
634 912 743 976 factum,
757 911 835 980 cujus
847 911 989 964 dictatoris

139 985 216 1052 jussu
233 987 364 1054 magister
377 987 501 1055 equitum
516 987 544 1040 O.
558 987 688 1040 Servilius
702 988 790 1040 Ahala
802 987 846 1055 Sp.
859 987 989 1040 Maelium

140 1079 254 1129 regnum
273 1067 448 1130 appetentem
471 1067 631 1131 occupatum
651 1063 797 1117 interemit.
832 1067 858 1117 A
878 1063 943 1116 villa
960 1063 988 1116 in

141 1142 264 1191 senatum
275 1139 482 1192 arcessebantur
497 1143 526 1192 et
536 1139 635 1192 Curius
648 1143 677 1193 et
689 1141 774 1193 ceteri
786 1157 873 1206 senes,
887 1156 921 1192 ex
934 1156 988 1208 qno

140 1215 188 1283 qui
201 1231 247 1268 eos
260 1215 434 1268 arcessebant
447 1216 566 1268 viatores
579 1217 793 1270 nominatisunt.
818 1217 891 1270 Num
903 1216 988 1284 igitur
1032 1253 1037 1262 .

140 1290 236 1342 horum
253 1295 378 1344 senectus
390 1290 552 1344 miserabilis
569 1291 622 1343 fuit
634 1291 681 1359 qui
697 1308 726 1344 se
741 1293 799 1359 agri
812 1293 929 1346 cultione
941 1291 988 1344 ob·

140 1366 294 1420 leetabantl
331 1365 395 1419 Mea
413 1365 525 1433 quidem
544 1367 680 1419 sententia
697 1367 771 1420 hand
790 1369 844 1420 scio
863 1385 896 1420 an
915 1367 988 1420 nulla

140 1440 246 1495 beatior
262 1443 348 1510 possit
365 1459 432 1508 csse,
448 1458 536 1510 neque
553 1441 639 1494 solum
652 1441 745 1506 officio,
759 1443 832 1509 quod
848 1443 987 1495 hominnm

140 1518 234 1584 generi
252 1519 378 1571 universo
398 1517 505 1572 cultura
527 1534 653 1585 agrorum
674 1522 716 1571 cst
736 1518 870 1585 salutaris,
889 1518 938 1570 sed
959 1522 988 1571 et

141 1593 321 1648 delectatione
341 1610 423 1662 quam
445 1593 510 1660 dixi,
531 1598 560 1646 et
581 1594 727 1647 saturitate
746 1595 877 1662 copiaque
896 1610 987 1646 rerum

141 1670 260 1723 omnium
281 1687 351 1738 quae
375 1669 411 1722 ad
432 1671 533 1723 victum
558 1670 704 1738 hominum,
725 1671 760 1724 ad
781 1671 884 1724 cultum
905 1671 987 1724 etiam

141 1745 255 1798 deorum
272 1747 426 1814 pertinent;
456 1750 495 1808 ut,
515 1747 641 1814 quddam
661 1747 727 1800 haec
750 1747 862 1816 quidam
882 1745 988 1800 deside-

141 1825 210 1887 rant,
226 1823 254 1873 in
265 1823 382 1888 gratiam
391 1822 449 1888 jam
462 1839 524 1875 eum
536 1823 675 1888 voluptate
689 1825 840 1876 redeamus.
877 1823 988 1890 Semper

141 1897 213 1950 onim
229 1898 292 1951 boni
309 1898 465 1966 assiduique
478 1897 581 1950 domini
598 1899 701 1952 referta
716 1900 783 1952 cella
795 1899 905 1965 vinaria,
918 1899 988 1951 olea-

140 1973 189 2038 ria,
204 1975 286 2028 etiam
300 1974 411 2042 penaria
426 1979 476 2039 est,
490 1974 608 2042 villaque
623 1977 682 2028 tota
697 1975 816 2043 locuples
832 1977 887 2028 est:
905 1973 988 2026 abun-

141 2049 190 2103 dat
201 2067 290 2118 porco,
303 2051 398 2117 haedo,
410 2067 488 2117 agno,
500 2050 608 2116 gallina,
621 2050 699 2116 lacte,
713 2067 799 2115 caseo,
813 2051 900 2102 melle.
923 2050 942 2102 J
945 2066 988 2102 am

128 2127 249 2178 'lmrtum
262 2127 314 2194 ipsi
326 2126 460 2193 agricolae
471 2125 618 2186 succidiam
629 2126 742 2178 alteram
753 2126 898 2194 appellant.¹
920 2125 988 2178 Con-

140 2202 242 2254 ditiora
259 2202 324 2256 facit
342 2202 409 2253 haee
427 2201 620 2268 supervacanei
640 2202 722 2254 ctiam
739 2201 827 2268 operis
844 2201 988 2268 aucupium

140 2283 224 2345 atque
243 2277 357 2330 venatio.
394 2281 434 2332 57.
466 2277 538 2340 Quid
560 2276 595 2328 de
616 2282 756 2344 pratorum
778 2277 917 2328 viriditate
940 2279 988 2328 aut

140 2355 268 2407 arborum
292 2352 432 2406 ordinibus
454 2355 502 2404 aut
522 2352 659 2404 vinearum
681 2351 874 2404 olivetorumve
899 2351 988 2418 s'pecie

140 2430 245 2482 dicam'l
284 2428 366 2481 Brevi
382 2427 552 2496 praecidam:
570 2443 636 2494 agro
648 2427 717 2480 bene
730 2426 801 2479 culto
813 2426 880 2478 nihil
896 2430 988 2494 potest

141 2523 201 2558 esse
216 2523 266 2559 nee
280 2523 331 2558 usu
345 2504 455 2558 uberius
472 2520 522 2556 nee
537 2504 627 2572 specie
639 2503 769 2569 ornatius,
786 2501 821 2553 ad
837 2519 918 2570 quem
934 2502 1005 2554 fra·

141 2582 242 2635 endum
265 2599 318 2635 non
344 2581 424 2634 medo
443 2598 496 2634 non
520 2580 652 2647 retardat,
671 2587 765 2632 verum
785 2579 867 2632 otiam
888 2579 988 2632 invitat

135 2663 225 2726 ‘atque
238 2658 348 2711 allectat
360 2662 491 2712 senectus
528 2656 584 2710 Ubi
599 2657 670 2709 eninr
685 2659 777 2724 potest
791 2655 837 2708 illa
851 2659 926 2708 aetas
941 2659 988 2708 aut

135 2735 274 2788 'calescere
293 2735 335 2786 vel
356 2734 522 2801 apricatione
542 2733 640 2786 melius
659 2733 701 2785 vel
720 2732 784 2799 igni,
804 2735 852 2784 aut
870 2731 988 2784 vicissim

142 2811 245 2864 umbris
263 2807 375 2878 aquisve
393 2810 550 2876 refrigerari
570 2809 721 2862 salubriusl
757 2815 797 2862 58.
828 2808 885 2861 Sibi
903 2807 988 2875 igitur

142 2887 259 2939 habeant
276 2903 365 2949 arma,
386 2885 438 2938 sibi
458 2903 549 2953 equos,
571 2884 622 2936 sibi
646 2885 746 2950 hastas,
767 2884 818 2936 sibi
838 2884 988 2936 clavam-et

142 2962 232 3030 pilam,
253 2962 304 3014 sibi
323 2961 476 3014 natationes
496 2964 579 3028 atque
599 2977 705 3014 cursus:
730 2959 807 3012 nobis
826 2959 935 3011 senibus
953 2976 988 3010 ex
1050 2985 1053 2991 Α

139 3037 289 3100 lusionibus
311 3037 404 3090 multis
426 3035 673 3103 talosrelinquant
695 3039 724 3088 et
742 3039 878 3098 tesseras3
902 3034 932 3086 id
949 3033 989 3100 ip

140 3132 200 3168 sum
217 3119 249 3167 ut
267 3113 380 3179 iubebit,
399 3112 526 3180 quoniam
544 3111 602 3164 sine
620 3112 662 3164 his
680 3111 763 3164 beata
783 3127 842 3162 essa
864 3113 989 3162 senectus

140 3193 239 3260 potest.
