2272 3442
907 109 917 132 a

959 156 987 200 41

138 233 287 288 amicitiam
305 249 417 286 manere
433 231 456 284 si
476 247 493 284 a
508 231 611 284 virtute
628 230 770 285 deieceris.
807 237 847 287 38'.
867 231 947 296 Quod
967 234 989 286 ai

138 314 244 365 rectum
253 310 429 364 statuerimus
446 308 489 362 vel
508 306 656 361 concedere
675 307 769 361 amicis
788 309 924 382 quidquid
945 327 989 363 ve-

138 386 191 440 lint
214 386 256 440 vel
280 386 428 454 impetrare
451 384 486 437 ab
514 384 547 436 iis
568 383 703 452 quidquid
726 385 848 452 velimus,
868 387 989 454 perfecta

140 463 250 530 quidem
264 463 397 530 sapientia
413 461 505 527 simus,
526 460 549 512 si
568 459 635 512 nihil
656 460 759 515 habeat
779 478 824 514 res
845 463 918 515 vitii:
932 463 989 517 'sed

139 538 276 607 loquimur
288 539 324 592 de
334 538 368 590 iis
380 537 475 590 amicis
486 536 533 604 qui
549 539 614 589 ante
633 537 724 590 oculos
744 542 815 604 sunt,
835 555 904 606 quos
922 539 989 591 vidi-

137 631 200 668 mus
220 618 269 668 aut
287 615 323 667 de
342 613 441 682 quihus
464 613 623 666 memoriam
647 614 809 682 acecpimus,
828 631 896 681 quos
914 616 1028 669 nonit'w
1041 622 1124 672 We

138 691 197 744 vita
208 691 364 744 communis.
399 689 441 742 Ex
454 689 504 742 hoc
513 705 626 742 numero
633 689 713 742 nobis
725 690 851 758 exempla
860 691 991 744 sumenda

139 771 210 834 sunt,
235 771 265 821 et
289 785 383 822 eornm
412 765 523 836 quidem
551 766 671 819 maxime
697 767 744 836 qui
769 767 808 820 ad.
829 767 988 836 sapientiam

129 844 262 912 ¹pronime
279 844 439 925 accedunti(
455 848 496 896 39.
525 842 656 897 Videmus
676 842 780 912 Papum
801 843 941 896 AEmilium
961 844 990 896 G.

15 895 66 976 Ἳ
74 895 97 968 5
102 905 129 964 *3-
139 919 256 989 huccine
267 919 429 974 familiarem
440 919 533 985 fuisse,
546 919 594 985 (sie
605 936 621 972 a
633 919 758 988 patribus
768 920 935 988 acecpimus)
947 919 991 973 bis
1018 983 1022 994 ⁵
1088 991 1093 996 A

138 1011 192 1049 una
203 996 333 1063 consules,
345 997 462 1064 collegas
473 996 501 1048 iu
509 1011 628 1070 (ἔρξῃ-τα
637 1015 643 1049 :
653 1000 712 1050 tum
725 999 754 1049 et
766 1011 827 1049 cum
835 997 868 1049 iis
877 999 906 1050 et
918 996 990 1049 inter
1012 985 1073 1014 “W
1084 993 1125 1078 a]

139 1089 168 1125 se
187 1073 422 1141 conjunctissimos
440 1073 525 1127 luisse
545 1073 590 1126 M’.
608 1074 720 1127 Curium
742 1077 771 1127 et
795 1073 834 1126 Ti.
855 1073 989 1127 Corunca-

138 1149 214 1202 nium
244 1149 391 1204 memoriae
417 1150 556 1219 proditum
580 1153 629 1203 est.
676 1149 766 1217 igitur
795 1165 830 1203 ne
859 1149 990 1218 suspicari

139 1225 250 1294 quidem
262 1243 405 1294 possumus
417 1243 581 1294 quemquam
593 1226 690 1280 horam
702 1226 737 1278 ab
750 1225 835 1278 amico
848 1225 988 1294 quidpiam

139 1301 312 1354 contendisse
336 1301 410 1368 quod
434 1305 528 1353 contra
555 1301 646 1368 fidem,
670 1305 764 1354 contra
786 1297 990 1370 jusjurandum,

139 1379 236 1429 contra
247 1393 305 1429 rcm
317 1376 455 1444 publicam
468 1380 549 1428 esset.
583 1377 653 1428 Nam
666 1376 715 1429 hoc
728 1377 838 1444 quidem
851 1377 878 1429 in
888 1376 990 1430 talibus

139 1452 205 1504 viris
218 1452 285 1519 quid
297 1452 398 1504 attinet
415 1452 514 1518 dicere,
532 1451 554 1504 si
567 1451 759 1517 contendisset,
777 1453 989 1519 impetraturum

138 1543 193 1580 noa
218 1527 307 1594 luisse,
333 1543 417 1596 quum
440 1527 480 1579 illi
503 1527 665 1580 sanctissimi
690 1527 741 1580 viri
765 1528 874 1595 fuerint,
902 1543 990 1595 acque

9 1633 11 1638 ·
62 1598 91 1620 ⁸
139 1606 230 1656 autem
240 1604 317 1656 nefas
330 1604 366 1656 sit
378 1603 434 1657 tale
443 1603 547 1672 aliquid
559 1608 588 1656 et
600 1604 688 1657 lacere
701 1607 827 1672 rogatum
835 1608 863 1658 et
873 1607 989 1673 rogaret

140 1680 180 1732 At
192 1695 256 1732 vcro
268 1679 306 1732 Ti.
319 1679 471 1733 Gracchum
485 1679 669 1747 sequebantur
682 1680 711 1733 G.
725 1679 820 1747 Gerbo,
834 1680 862 1734 G.
876 1681 989 1748 Oato‚et

138 1755 250 1810 minime
262 1757 327 1808 tunc
339 1755 451 1824 quidem
461 1755 542 1808 Gaius
554 1756 646 1822 irater,
660 1773 731 1810 nune
743 1757 816 1810 idem
833 1757 988 1812 acerrimus:
1000 1765 1005 1776 '

191 1830 261 1884 XII.
282 1837 324 1885 40.
348 1832 426 1884 Haec
447 1833 532 1899 igitur
552 1832 598 1886 lox
617 1832 645 1884 in
663 1833 782 1886 amicitia
803 1834 941 1900 sanciatur
958 1837 990 1887 ut
1029 1849 1045 1880 ἰ

138 1923 228 1974 neque
239 1923 371 1975 rogemus
377 1923 422 1961 res
434 1911 529 1976 turpes
547 1925 598 1962 nec
613 1908 743 1962 faciamus
759 1899 989 1978 rogatf‘lmpis

139 1983 211 2035 enim
236 1983 375 2037 excusatio
399 1988 442 2037 est
466 1988 495 2037 et
519 1985 631 2038 minime
659 1986 816 2055 accipienda
848 2003 931 2055 quum
960 1987 989 2038 in

106 2119 108 2126 y
138 2059 238 2112 ceteris
258 2059 386 2127 peccatis,
398 2064 457 2112 tum
477 2060 500 2112 si
522 2061 583 2129 quis
603 2065 698 2115 contra
719 2079 777 2116 rem
800 2061 936 2131 publicam
959 2079 988 2115 so

138 2134 218 2186 amici
231 2150 312 2187 causa
323 2135 420 2188 iecisse
432 2136 564 2190 fateatur.
603 2137 712 2190 Etenim
730 2153 762 2191 eo
777 2139 842 2202 loco,
856 2137 941 2190 Fanni
959 2141 989 2191 et
1085 2137 1092 2151 '

140 2209 276 2274 Scaevola,
284 2210 366 2262 locati
378 2227 471 2262 sumus
480 2215 512 2263 ut
527 2228 577 2264 nos
593 2211 673 2279 longe
689 2213 845 2280 prospicere
863 2216 989 2280 oporteat

139 2285 248 2336 futuros
277 2301 355 2336 cursus
377 2285 571 2352 reipublicae.
608 2287 729 2341 Deflexit
751 2289 811 2355 jam
835 2289 989 2356 aliquantu-

139 2360 196 2413 lum
208 2359 244 2412 de
269 2361 357 2428 spatio
376 2361 566 2428 curriculoque
585 2364 754 2416 consuetudo
773 2363 913 2430 majorum.
950 2365 989 2417 Ti.

140 2435 281 2490 Gracchus
299 2451 413 2504 regnum
428 2453 560 2505 occupare
579 2441 693 2492 conatus
706 2443 756 2505 est,
769 2438 812 2492 vel
826 2440 951 2507 regnavit
965 2441 989 2494 is

138 2513 251 2582 quidem
263 2529 363 2582 paucos
375 2529 489 2567 menses
524 2519 566 2566 41:
594 2515 667 2568 Num
687 2515 754 2584 quid
767 2515 855 2569 simile
873 2518 989 2586 populus

139 2589 278 2644 Romanus
287 2591 413 2644 audierat
425 2593 474 2644 aut
486 2590 594 2644 viderat
605 2593 614 2645 l
651 2591 732 2646 Hunc
744 2591 826 2645 etiam
839 2597 902 2660 post
918 2610 989 2647 mor-

138 2670 196 2720 tem
222 2667 307 2720 secuti
332 2667 412 2720 amici
436 2670 466 2721 et
489 2667 635 2736 propinqui
663 2669 729 2738 quid
753 2669 782 2721 in
807 2669 836 2722 P.
864 2669 989 2738 Scipione

138 2743 278 2796 effecerint
289 2743 347 2796 sine
366 2743 484 2797 lacrimis
499 2761 553 2797 non
571 2761 641 2812 queo
660 2745 758 2798 dicere.
795 2745 819 2797 N
823 2761 866 2800 aru
889 2746 989 2818 Carbo

138 2834 200 2872 nem
213 2835 321 2888 quoquo
338 2820 419 2872 modo
431 2821 569 2888 potuimus
585 2824 700 2889 propter
718 2826 854 2875 recentem
873 2837 987 2890 poenam

139 2893 178 2948 Ti.
192 2894 307 2948 Gracchi
327 2897 510 2950 sustinuimus.
548 2897 590 2950 De
611 2897 640 2950 G.
653 2901 744 2950 autem
767 2899 881 2952 Gracchi
902 2899 987 2952 tribu-

138 2973 206 3022 natu
217 2969 285 3038 quid
298 2977 453 3038 exspectem
465 2987 518 3024 non
528 2971 596 3026 libet
605 2974 739 3040 angurari.
776 2975 868 3044 Serpit
886 2974 987 3028 deinde

138 3059 190 3109 res,
209 3061 279 3111 quae
298 3047 444 3112 proclivius
463 3047 499 3120 ad
522 3049 669 3114 pernicicm
690 3065 774 3118 quum
794 3051 876 3102 semel
896 3049 987 3117 coepit

138 3117 247 3174 labitur.
283 3119 394 3173 Videtis
413 3123 441 3173 in
461 3121 563 3174 tabella
576 3123 637 3189 jam
656 3129 719 3176 anto
739 3129 843 3192 quanta
860 3125 931 3177 facta
950 3125 987 3178 sit

138 3192 221 3258 labes,
233 3193 321 3262 primo
334 3196 450 3251 Gabinia
468 3197 537 3264 lege,
554 3197 662 3251 biennio
686 3202 778 3252 autem
800 3202 864 3266 post
885 3199 985 3253 Gassia
