2272 3442
132 121 167 168 Sl
442 113 491 162 DE
509 111 661 162 OFFICIIS

131 219 201 271 rum,
212 217 282 270 quae
294 201 332 252 ad
344 197 432 250 vitam
444 197 592 266 pertinent.
624 198 666 248 67.
680 195 788 244 Harum
799 207 892 243 rerum
904 193 972 247 dua.

131 299 193 336 rum
204 281 337 351 splendor
349 277 447 345 omnis,
455 275 620 344 amplitudo,
631 274 707 327 addo
717 273 801 325 etiam
811 273 970 343 utilitatem,

131 363 162 415 in
173 361 325 431 posteriore
337 366 480 427 11111111
492 360 585 408 autem
598 362 626 406 et
638 355 710 406 ratio
722 353 843 406 efficiens
855 373 972 427 magnos

93 469 95 474 ·
131 443 206 496 viros
218 440 360 509 inpriore.
390 439 425 490 In
437 453 470 490 eo
483 441 524 489 est
537 435 611 488 enim
623 434 792 502 illud,quod
804 440 972 491 excellentes

132 523 240 576 animos
254 527 283 573 et
297 521 420 572 humana
434 521 644 570 contemnentes
659 516 735 571 facit
773 521 808 572 Id
823 525 916 572 autem
929 519 971 586 ip

132 619 193 656 sum
206 601 327 655 cernitur
339 601 369 652 in
381 599 501 664 duobus,
512 596 536 648 si
545 600 574 648 et
584 597 673 648 solum
686 597 726 666 id,
737 602 814 668 quod
824 601 971 652 honestum

132 683 176 748 111,
186 684 292 736 bonum
306 681 416 734 iudices
430 683 459 732 et
473 679 508 730 ab
527 678 605 730 omni
619 681 705 733 animi
719 681 927 752 perturbatione
939 679 971 730 li-

133 765 182 815 ber
194 763 239 817 sis.
271 763 345 815 Nam
358 766 386 813 11
394 777 434 827 11,
447 755 517 827 quae
530 757 633 811 eximia
642 762 781 831 plerisque
794 767 823 815 et
831 761 972 830 praeclara

132 844 272 910 videntur,
286 857 372 910 parva
387 841 489 892 ducere
506 857 593 908 eoque
608 843 714 895 ratione
730 842 825 896 stabili
839 842 972 906 firmaque

133 919 308 974 contemnere
328 919 408 972 fortis
427 919 514 972 enimi
533 923 686 992 magnique
704 923 866 976 ducendum
883 925 925 972 est
943 925 972 970 et

134 1019 173 1068 ea,
184 1017 254 1068 quae
265 1000 397 1052 videntur
411 1003 517 1069 acerba,
529 1019 600 1069 quae
612 1003 701 1055 multa
712 1007 741 1055 et
753 1002 830 1056 varia
841 1001 871 1053 in
884 999 973 1052 homi·

133 1097 201 1148 num
221 1080 280 1134 vita
301 1079 469 1148 fortunaque
490 1087 643 1148 versantur,
658 1082 699 1134 ita
718 1083 796 1149 ferre,
812 1087 844 1134 ut
864 1080 936 1133 nihil
956 1095 973 1130 a

134 1166 209 1214 11111
221 1165 338 1214 naturae
357 1161 491 1235 discedas,
502 1162 574 1214 nihil
589 1179 606 1215 a
621 1162 760 1232 dignitate
779 1161 920 1230 sapientis,
930 1175 973 1211 ro

134 1242 209 1294 busti
225 1241 310 1294 animi
324 1246 368 1294 est
380 1258 553 1312 magnaeque
572 1242 754 1296 constantiae.
792 1244 834 1294 68.
850 1242 915 1293 Non
931 1245 973 1292 est

135 1328 228 1375 autem
248 1328 472 1390 consentaneum,
490 1322 538 1390 qui
560 1327 638 1374 metu
658 1327 716 1374 non
737 1321 890 1390 frangatur,
909 1335 973 1372 eum

134 1402 227 1472 frangi
239 1403 410 1472 eupiditate:
431 1418 490 1470 nee,
501 1401 551 1470 qui
562 1401 700 1456 invictum
713 1417 741 1454 se
757 1417 774 1454 a
789 1403 883 1452 labore
895 1415 974 1468 prae·

135 1483 245 1551 stiterit,
258 1483 335 1535 vinei
349 1500 366 1535 a
381 1484 533 1551 voluptate.
567 1483 658 1547 Quam
677 1483 714 1534 ob
732 1497 791 1532 rem
805 1486 834 1533 et
848 1481 918 1532 haee
932 1479 974 1532 vi-

136 1562 229 1614 denda
242 1568 270 1615 et
282 1562 414 1632 pecuniae
426 1561 561 1630 fugienda
573 1561 722 1629 cupiditas,
752 1561 833 1614 Nihil
845 1559 921 1614 eninr
931 1564 974 1612 est

135 1647 194 1693 tam
207 1643 319 1710 angusti
332 1641 418 1694 animi
429 1646 543 1709 tamque
552 1641 632 1710 parvi
645 1657 728 1708 quam
744 1655 838 1693 amare
849 1639 973 1706 divitias,

136 1720 208 1772 nihil
215 1721 359 1773 honestius
369 1721 650 1790 magnificentiusque
659 1737 742 1789 quam
752 1719 899 1788 pecuniam
909 1734 974 1770 eon·

136 1803 265 1865 temnere,
281 1799 305 1851 11
324 1816 381 1851 111
399 1801 517 1852 habeas:
541 1801 565 1852 si
583 1801 695 1868 habeas,
711 1801 747 1852 ad
763 1797 975 1851 beneficentiam

136 1877 387 1944 liberalitatemque
403 1879 535 1932 conferre.
574 1881 705 1932 Oavenda
718 1879 803 1932 etiam
815 1883 858 1930 est
869 1877 975 1948 gloriae

137 1956 285 2026 cupiditas,
298 1962 330 2010 ut
348 1974 430 2028 supra
449 1959 525 2013 dixi:
545 1960 630 2029 eripit
648 1961 723 2012 enim
741 1959 905 2026 libertatern,
921 1975 974 2026 pro

138 2054 192 2107 qua
202 2037 386 2106 magnanimis
396 2038 462 2092 viris
472 2039 563 2092 omnis
573 2041 658 2092 debet
669 2056 727 2093 esse
736 2040 887 2093 eontentio.
914 2039 975 2090 Nee

137 2135 202 2171 vero
216 2117 333 2187 imperia
348 2119 505 2187 expetenda
520 2135 552 2172 ae
567 2119 662 2188 potius
677 2124 795 2172 autnon
810 2119 975 2188 accipienda

101 2227 109 2242 ·
137 2198 280 2252 interdum
295 2204 343 2252 aut
359 2200 525 2267 deponenda
539 2215 597 2251 non
611 2197 774 2267 numquam.
813 2203 856 2252 69.
869 2200 975 2253 Vacan-

138 2279 206 2334 dum
225 2285 317 2334 autem
334 2279 409 2332 omni
427 2284 468 2330 est
485 2279 572 2330 animi
588 2280 798 2348 perturbatione
817 2295 881 2332 eum
898 2276 976 2345 eupi-

138 2360 226 2414 ditate
246 2367 274 2412 et
292 2367 369 2414 metu
390 2367 451 2412 tum
473 2359 557 2411 etiam
578 2360 757 2426 aegritudine
779 2364 807 2412 et
828 2360 975 2426 voluptate

138 2440 224 2492 animi
239 2445 267 2493 et
281 2440 432 2508 iracundia,
446 2443 479 2504 pt
493 2439 682 2506 tranquillitas
699 2439 785 2493 animi
800 2444 828 2492 et
843 2437 976 2491 securitas

138 2519 220 2586 adsit,
232 2535 301 2586 quae
320 2520 410 2572 adfert
427 2535 490 2572 eum
505 2521 691 2574 constantiam
705 2526 767 2584 1111
784 2519 869 2582 etiarn
884 2516 977 2586 digni-

138 2603 232 2651 tatem.
263 2598 348 2650 Multi
360 2604 453 2652 autem
466 2602 493 2650 et
506 2604 569 2651 sunt
583 2604 611 2652 et
619 2600 739 2668 fuerunt,
751 2600 801 2668 qui
813 2615 881 2666 eam,
892 2613 977 2664 quam

139 2676 211 2742 dieo,
222 2677 453 2743 tranquillitatem
469 2683 631 2746 expetentes
647 2697 663 2733 a
677 2681 800 2748 negotiis
812 2677 932 2748 publicis
946 2691 977 2728 se

139 2760 315 2808 removerunt
330 2757 367 2808 ad
380 2757 525 2825 otiumque
539 2759 737 2828 perfugerant:
757 2760 788 2812 in
800 2759 844 2811 his
859 2763 886 2810 et
898 2755 977 2808 nobi·

140 2833 237 2886 lissimi
255 2834 418 2910 philosophi
436 2837 576 2906 longeque
594 2831 736 2908 principes
754 2845 782 2892 et
798 2837 978 2906 quidamho-

139 2914 227 2968 mines
240 2913 328 2967 severi
338 2919 366 2966 et
375 2931 473 2982 graves
485 2933 536 2968 nee
545 2918 645 2986 populi
653 2935 706 2970 -nee
715 2919 875 2988 principum
888 2929 977 2968 mores

79 2995 83 3003 '
139 2995 209 3048 serre
224 2998 377 3063 potuerunt
391 2993 576 3062 vixeruntque
592 3013 649 3048 non
664 2999 735 3049 nulli
749 2999 780 3049 in
798 2996 873 3064 agris
888 2995 978 3046 deleo-

139 3074 193 3126 tati
210 3089 240 3126 re
258 3087 308 3127 sua
328 3071 465 3125 faruiliari.
504 3075 546 3126 70.
562 3074 615 3126 His
633 3075 709 3126 idem
730 3075 906 3145 propositum
922 3072 979 3128 fuit
