2256 3448
250 152 320 201 LIB.
337 151 370 213 1.,
388 151 583 201 CAP.XX1X.
599 151 696 210 XXX.‚
715 150 729 212 ξ
746 155 867 202 103-109.
948 154 981 201 97

137 235 250 289 luxuria
265 240 294 288 et
307 235 425 288 delicate
442 251 474 288 ac
489 224 717 290 mollite1·rivere
730 252 871 304 quamque
883 237 982 288 hones-

138 323 200 369 tum
216 332 307 386 parce,
319 316 502 384 continenter,
513 333 614 384 severe,
626 317 724 371 sobrie.

176 399 235 450 107.
249 397 475 465 Intellegendum
488 397 572 450 etiam
583 402 625 450 est
635 398 744 450 duabus
755 397 835 466 quasi
847 413 898 450 nos
909 412 981 449 ana·

138 484 202 530 tura
216 477 332 530 indutos
351 478 557 547 esscpersonis,
568 494 684 545 quarum
700 495 755 530 una
770 477 926 552 communis
941 481 982 529 est

138 575 175 610 ex
188 574 229 625 ec,
241 559 319 624 qnod
332 575 428 611 omnes
440 558 592 627 participes
608 574 702 610 sumus
714 558 829 630 rationis
841 561 982 627 praestan-

140 638 252 704 tiaeque
267 638 335 704 eius‚
347 655 402 706 qua
418 639 610 690 antecellimus
623 638 728 706 bestiis,
739 657 755 690 a
771 645 826 706 qua
839 641 921 690 omne
933 639 982 689 ho-

139 723 251 770 nestum
262 715 448 788 decorumque
457 715 578 772 trahitur
587 724 615 771 et
625 735 660 770 ex
670 735 725 787 qua
735 719 805 771 ratio
818 718 983 772 inveniendi

139 799 227 852 officii
247 799 410 868 exquiritur,
425 801 513 852 altera
528 806 628 865 autem,
643 815 713 866 quae
732 799 845 869 proprie
864 798 983 868 singulis

139 885 184 932 cst
197 881 311 933 tributa.
350 883 389 934 Ut
402 881 476 932 enim
489 881 525 934 in
533 881 697 950 corporibus
709 897 827 950 magnae
840 879 982 933 dissimili-

140 961 253 1014 tudines
263 965 342 1014 sunt:
363 961 569 1013 aliosvidemus
580 961 728 1014 velocitate
738 961 775 1013 ad
785 977 903 1028 cursum,
913 961 983 1012 alios

141 1041 249 1093 viribus
264 1043 301 1093 ad
317 1038 483 1093 luctandum
500 1043 599 1109 valere,
613 1041 736 1110 itemque
755 1041 785 1093 in
804 1041 900 1092 formis
920 1041 982 1093 aliis

139 1121 312 1190 dignitatem
325 1125 421 1187 inesse,
432 1121 494 1173 aliis
504 1127 685 1186 venustatem,
696 1121 776 1173 sicin
789 1122 889 1174 animis
899 1120 983 1174 exsis-

140 1205 208 1254 tnnt'
219 1201 337 1254 maiores
353 1201 438 1254 etiam
451 1200 607 1255 varietates.
640 1205 699 1254 108.
714 1203 782 1254 Erat
794 1202 823 1254 in
837 1204 867 1256 L.
876 1204 981 1265 Crass0,

141 1281 171 1332 in
186 1282 216 1334 L.
226 1281 361 1350 Philippo
373 1283 479 1333 multus
492 1283 577 1349 lepos,
587 1281 675 1332 maior
687 1282 772 1334 etiam
787 1274 933 1351 magisque
946 1284 982 1334 de

140 1361 279 1414 industria
291 1361 321 1413 in
335 1363 363 1415 Ο.
373 1363 487 1414 Caesare
500 1362 530 1414 L.
540 1362 587 1414 R:
607 1368 636 1413 at
649 1361 755 1414 eisdem
767 1363 940 1436 temporibus
952 1363 983 1414 in

141 1443 179 1496 Μ.
192 1443 295 1496 Scauro
308 1448 336 1494 et
348 1442 378 1493 in
391 1443 428 1495 M.
438 1441 529 1493 Druso
539 1442 714 1494 adolescente
725 1441 874 1510 singularis
884 1443 983 1495 severi-

142 1529 192 1590 tas,
205 1523 235 1574 in
251 1524 280 1576 O.
289 1523 385 1575 Laelio
404 1523 493 1574 multa
512 1522 646 1590 hilaritate,
658 1523 689 1574 in
705 1523 764 1575 eius
779 1523 910 1576 familiari
926 1524 983 1576 Sei-

141 1603 227 1672 pione
242 1603 360 1655 ambitio
375 1603 471 1670 maior,
481 1603 544 1657 vita
556 1603 675 1657 tristior·
698 1605 749 1656 ¹De
763 1603 875 1656 Graecis
890 1609 983 1657 autem

91 1681 95 1690 '
129 1685 255 1736 dulcem
268 1687 296 1734 et
315 1682 436 1735 facetum
450 1682 604 1751 festivique.
616 1684 749 1736 sermonis
764 1689 848 1751 atque
861 1684 892 1736 in
907 1685 984 1737 omni

142 1762 270 1814 oratione
281 1761 478 1832 simulatorem,
487 1779 569 1832 quem
583 1769 673 1832 εἴρωνα
686 1758 785 1816 Graeci
797 1765 982 1834 nominarunt,

143 1843 288 1895 Socratem
301 1843 472 1911 accepimus:
493 1854 589 1896 eontra
601 1842 792 1913 Pythagoram
808 1850 835 1898 et
847 1846 983 1898 Periclem

141 1939 280 1975 summam
295 1924 490 1976 auctoritatem
506 1930 669 1976 consecutos
685 1925 744 1978 sine
760 1927 818 1979 ulla
833 1927 982 1979 hilaritate.

142 2003 286 2056 Callidum
302 2005 489 2057 Hannibalem
507 2021 542 2056 ex
557 2007 721 2074 Poenorum,
735 2023 769 2059 ex
787 2007 889 2068 nostris
908 2007 984 2060 duci-

141 2086 196 2137 bus
211 2085 243 2150 Q.
254 2085 409 2136 Maximum
428 2085 585 2154 accepimus
603 2085 684 2138 facile
704 2084 801 2155 celare,
816 2093 915 2153 tacere,
929 2089 984 2140 dis-

143 2165 281 2230 simulare,
290 2164 425 2229 insidiari,
434 2166 588 2232 praeripere
599 2165 723 2218 hostium
733 2167 857 2221 consilia.
885 2169 918 2219 In
929 2184 984 2234 quo

143 2261 245 2314 genere
255 2244 353 2296 Graeci
362 2245 578 2298 Themistoclem
591 2251 620 2297 et
632 2247 788 2300 Pheraeum
801 2249 929 2300 Iasonem
943 2265 984 2300 ce-

143 2324 413 2391 terisanteponunt,
426 2323 457 2375 in
475 2323 629 2392 primisque
648 2331 790 2380 versutum
809 2333 837 2380 et
852 2329 985 2380 callidum

144 2401 251 2454 factum
265 2401 383 2468 Solonis,
392 2401 448 2470 qui,
457 2415 513 2469 quo
526 2405 554 2453 et
565 2400 653 2452 tutior
662 2399 722 2454 vita
731 2401 791 2454 eins
804 2407 876 2456 esset
886 2406 987 2472 etplus

145 2481 290 2548 aliquanto
308 2479 347 2532 rei
364 2481 495 2550 publicae
513 2479 666 2550 prodesset,
679 2479 769 2534 furere
786 2499 815 2535 se
836 2483 986 2539 simulavit.

130 2601 136 2611 .
149 2567 207 2624 109.
223 2564 294 2615 Sunt
306 2561 350 2614 his
363 2561 411 2614 alii
424 2563 544 2614 multum
557 2561 689 2631 dispares,
700 2562 839 2632 simplices
852 2568 879 2616 et
889 2564 986 2633 aperti,

146 2643 196 2710 qui
209 2642 281 2694 nihil
294 2658 327 2694 ex
340 2643 460 2708 occulto,
470 2643 543 2695 nihil
554 2643 589 2695 de
601 2642 712 2695 insidiis
723 2645 865 2711 agendum
878 2650 986 2714 putant,

147 2723 273 2776 veritatis
299 2724 426 2790 cultores,
446 2723 553 2776 fraudis
576 2723 692 2790 inimici,
714 2723 837 2794 itemque
861 2726 916 2791 alii,
938 2725 988 2792 qni

148 2803 262 2871 quidvis
278 2804 479 2872 perpetiantur,
489 2803 580 2857 cuivis
595 2803 760 2870 deserviant,
771 2807 840 2858 dum
853 2807 930 2874 quod
944 2822 987 2857 ve·

148 2885 203 2936 lint
223 2890 433 2952 consequantur,
449 2889 481 2936 ut
502 2885 606 2937 Sullam
626 2890 655 2937 et
674 2886 711 2938 M.
726 2887 854 2940 Crassum
874 2887 987 2940 videba-

148 2981 217 3018 mus.
250 2966 355 3031 Quoia
370 2981 471 3034 genere
483 2965 701 3018 versutissimum
715 2970 743 3018 et
755 2967 988 3036 patientissimum

148 3045 402 3098 Lacedaemonium
410 3047 586 3113 Lysandrum
596 3046 918 3114 accepimus,contraqne
928 3045 988 3096 Cal-

115 3179 117 3182 .
148 3125 317 3191 licratidem,
327 3125 376 3192 qui
385 3125 542 3194 praefectus
555 3125 650 3178 classis
662 3126 806 3194 proximus
815 3126 988 3195 postLysan·
