<?xml version="1.0" encoding="UTF-8"?>
<!DOCTYPE html PUBLIC "-//W3C//DTD XHTML 1.0 Transitional//EN"
    "http://www.w3.org/TR/xhtml1/DTD/xhtml1-transitional.dtd">
<html xmlns="http://www.w3.org/1999/xhtml" xml:lang="en" lang="en">
 <head>
  <title>
</title>
<meta http-equiv="Content-Type" content="text/html;charset=utf-8" />
  <meta name='ocr-system' content='tesseract 3.04.00' />
  <meta name='ocr-capabilities' content='ocr_page ocr_carea ocr_par ocr_line ocrx_word'/>
</head>
<body>
  <div class='ocr_page' id='page_1' title='image "./mtulliiciceroni01longgoog_0111.png"; bbox 0 0 2256 3448; ppageno 0'>
   <div class='ocr_carea' id='block_1_1' title="bbox 73 134 1004 3181">
    <p class='ocr_par' dir='ltr' id='par_1_1' title="bbox 152 134 695 184">
     <span class='ocr_line' id='line_1_1' title="bbox 152 134 695 184; baseline 0.002 -1"><span class='ocrx_word' id='word_1_1' title='bbox 152 137 216 183; x_wconf 55' lang='lat'>⁴100</span> <span class='ocrx_word' id='word_1_2' title='bbox 477 134 526 182; x_wconf 76' lang='lat' dir='ltr'>Du</span> <span class='ocrx_word' id='word_1_3' title='bbox 543 134 695 184; x_wconf 83' lang='lat' dir='ltr'>OFFICIIS</span> 
     </span>
    </p>

    <p class='ocr_par' dir='ltr' id='par_1_2' title="bbox 73 217 1004 3181">
     <span class='ocr_line' id='line_1_2' title="bbox 162 217 1003 288; baseline 0 -17"><span class='ocrx_word' id='word_1_4' title='bbox 162 224 214 272; x_wconf 84' lang='lat' dir='ltr'>tur.</span> <span class='ocrx_word' id='word_1_5' title='bbox 252 219 352 285; x_wconf 88' lang='lat' dir='ltr'>ltaque</span> <span class='ocrx_word' id='word_1_6' title='bbox 366 235 394 270; x_wconf 92' lang='lat' dir='ltr'>se</span> <span class='ocrx_word' id='word_1_7' title='bbox 409 218 458 270; x_wconf 88' lang='lat' dir='ltr'>alii</span> <span class='ocrx_word' id='word_1_8' title='bbox 470 218 505 270; x_wconf 91' lang='lat' dir='ltr'>ad</span> <span class='ocrx_word' id='word_1_9' title='bbox 519 218 736 288; x_wconf 81' lang='lat' dir='ltr'><strong>philosophiam,</strong></span> <span class='ocrx_word' id='word_1_10' title='bbox 747 218 795 270; x_wconf 88' lang='lat' dir='ltr'>alii</span> <span class='ocrx_word' id='word_1_11' title='bbox 807 219 843 270; x_wconf 87' lang='lat' dir='ltr'>ad</span> <span class='ocrx_word' id='word_1_12' title='bbox 857 217 901 271; x_wconf 89' lang='lat' dir='ltr'>ius</span> <span class='ocrx_word' id='word_1_13' title='bbox 914 219 1003 285; x_wconf 86' lang='lat' dir='ltr'>civile,</span> 
     </span>
     <span class='ocr_line' id='line_1_3' title="bbox 162 299 1004 369; baseline 0.001 -17"><span class='ocrx_word' id='word_1_14' title='bbox 162 300 212 352; x_wconf 91' lang='lat' dir='ltr'>alii</span> <span class='ocrx_word' id='word_1_15' title='bbox 224 300 261 352; x_wconf 88' lang='lat' dir='ltr'>ad</span> <span class='ocrx_word' id='word_1_16' title='bbox 274 299 463 368; x_wconf 82' lang='lat' dir='ltr'>eloquentiam</span> <span class='ocrx_word' id='word_1_17' title='bbox 476 300 629 368; x_wconf 89' lang='lat' dir='ltr'>applicant,</span> <span class='ocrx_word' id='word_1_18' title='bbox 638 300 817 369; x_wconf 88' lang='lat' dir='ltr'>ipsarumque</span> <span class='ocrx_word' id='word_1_19' title='bbox 827 299 964 354; x_wconf 85' lang='lat' dir='ltr'>virtutum</span> <span class='ocrx_word' id='word_1_20' title='bbox 976 301 1004 353; x_wconf 92' lang='lat' dir='ltr'>in</span> 
     </span>
     <span class='ocr_line' id='line_1_4' title="bbox 162 379 1004 451; baseline 0.002 -19"><span class='ocrx_word' id='word_1_21' title='bbox 162 381 218 433; x_wconf 89' lang='lat' dir='ltr'>alia</span> <span class='ocrx_word' id='word_1_22' title='bbox 230 379 302 432; x_wconf 90' lang='lat' dir='ltr'>alius</span> <span class='ocrx_word' id='word_1_23' title='bbox 316 381 424 432; x_wconf 87' lang='lat' dir='ltr'>mavult</span> <span class='ocrx_word' id='word_1_24' title='bbox 437 382 578 434; x_wconf 86' lang='lat' dir='ltr'>excellere.</span> <span class='ocrx_word' id='word_1_25' title='bbox 618 382 676 434; x_wconf 87' lang='grc'>116.</span> <span class='ocrx_word' id='word_1_26' title='bbox 697 382 822 447; x_wconf 78' lang='lat' dir='ltr'>Quorum</span> <span class='ocrx_word' id='word_1_27' title='bbox 834 397 901 434; x_wconf 89' lang='lat' dir='ltr'>vero</span> <span class='ocrx_word' id='word_1_28' title='bbox 913 386 1004 451; x_wconf 88' lang='lat' dir='ltr'>patres</span> 
     </span>
     <span class='ocr_line' id='line_1_5' title="bbox 162 459 1004 531; baseline 0.001 -18"><span class='ocrx_word' id='word_1_29' title='bbox 162 465 210 513; x_wconf 88' lang='lat' dir='ltr'>aut</span> <span class='ocrx_word' id='word_1_30' title='bbox 222 459 341 513; x_wconf 88' lang='lat' dir='ltr'>maiores</span> <span class='ocrx_word' id='word_1_31' title='bbox 356 460 452 528; x_wconf 87' lang='lat' dir='ltr'>aliqua</span> <span class='ocrx_word' id='word_1_32' title='bbox 466 461 557 530; x_wconf 90' lang='lat' dir='ltr'>gloria</span> <span class='ocrx_word' id='word_1_33' title='bbox 570 461 776 530; x_wconf 88' lang='lat' dir='ltr'>praestiterunt,</span> <span class='ocrx_word' id='word_1_34' title='bbox 786 461 809 514; x_wconf 93' lang='lat' dir='ltr'>ii</span> <span class='ocrx_word' id='word_1_35' title='bbox 820 462 938 515; x_wconf 81' lang='lat' dir='ltr'><strong>student</strong></span> <span class='ocrx_word' id='word_1_36' title='bbox 949 463 1004 531; x_wconf 90' lang='lat' dir='ltr'>ple·</span> 
     </span>
     <span class='ocr_line' id='line_1_6' title="bbox 161 541 1003 610; baseline 0.002 -18"><span class='ocrx_word' id='word_1_37' title='bbox 161 555 277 609; x_wconf 90' lang='lat' dir='ltr'>rumque</span> <span class='ocrx_word' id='word_1_38' title='bbox 290 541 389 594; x_wconf 88' lang='lat' dir='ltr'>eodem</span> <span class='ocrx_word' id='word_1_39' title='bbox 401 541 432 592; x_wconf 93' lang='lat' dir='ltr'>in</span> <span class='ocrx_word' id='word_1_40' title='bbox 445 558 543 610; x_wconf 84' lang='lat' dir='ltr'><strong>genere</strong></span> <span class='ocrx_word' id='word_1_41' title='bbox 556 541 649 594; x_wconf 87' lang='lat' dir='ltr'>laudis</span> <span class='ocrx_word' id='word_1_42' title='bbox 662 543 844 610; x_wconf 66' lang='lat' dir='ltr'>excellerent</span> <span class='ocrx_word' id='word_1_43' title='bbox 854 543 887 608; x_wconf 80' lang='lat' dir='ltr'>Q.</span> <span class='ocrx_word' id='word_1_44' title='bbox 896 543 1003 594; x_wconf 90' lang='lat' dir='ltr'>Mucius</span> 
     </span>
     <span class='ocr_line' id='line_1_7' title="bbox 161 622 1002 690; baseline 0.004 -16"><span class='ocrx_word' id='word_1_45' title='bbox 161 623 192 675; x_wconf 90' lang='lat' dir='ltr'>P.</span> <span class='ocrx_word' id='word_1_46' title='bbox 201 623 232 676; x_wconf 82' lang='lat' dir='ltr'>F.</span> <span class='ocrx_word' id='word_1_47' title='bbox 242 623 270 675; x_wconf 95' lang='lat' dir='ltr'>in</span> <span class='ocrx_word' id='word_1_48' title='bbox 283 623 343 676; x_wconf 91' lang='lat' dir='ltr'>iure</span> <span class='ocrx_word' id='word_1_49' title='bbox 355 622 441 690; x_wconf 87' lang='lat' dir='ltr'>civili,</span> <span class='ocrx_word' id='word_1_50' title='bbox 450 622 542 675; x_wconf 80' lang='lat' dir='ltr'>Paulli</span> <span class='ocrx_word' id='word_1_51' title='bbox 550 623 624 675; x_wconf 86' lang='lat' dir='ltr'>tilius</span> <span class='ocrx_word' id='word_1_52' title='bbox 636 623 785 676; x_wconf 81' lang='lat' dir='ltr'>Africanus</span> <span class='ocrx_word' id='word_1_53' title='bbox 797 623 828 675; x_wconf 91' lang='lat' dir='ltr'>in</span> <span class='ocrx_word' id='word_1_54' title='bbox 840 639 869 676; x_wconf 90' lang='lat' dir='ltr'>re</span> <span class='ocrx_word' id='word_1_55' title='bbox 881 623 1002 677; x_wconf 82' lang='lat' dir='ltr'>militari.</span> 
     </span>
     <span class='ocr_line' id='line_1_8' title="bbox 163 703 1003 774; baseline 0.002 -20"><span class='ocrx_word' id='word_1_56' title='bbox 163 703 286 770; x_wconf 79' lang='lat' dir='ltr'>Quidam</span> <span class='ocrx_word' id='word_1_57' title='bbox 301 709 395 758; x_wconf 91' lang='lat' dir='ltr'>autem</span> <span class='ocrx_word' id='word_1_58' title='bbox 410 705 447 757; x_wconf 91' lang='lat' dir='ltr'>ad</span> <span class='ocrx_word' id='word_1_59' title='bbox 460 721 506 757; x_wconf 89' lang='lat' dir='ltr'>eas</span> <span class='ocrx_word' id='word_1_60' title='bbox 518 703 623 771; x_wconf 87' lang='lat' dir='ltr'>laudes,</span> <span class='ocrx_word' id='word_1_61' title='bbox 635 720 704 772; x_wconf 91' lang='lat' dir='ltr'>quas</span> <span class='ocrx_word' id='word_1_62' title='bbox 719 721 735 757; x_wconf 92' lang='lat' dir='ltr'>a</span> <span class='ocrx_word' id='word_1_63' title='bbox 749 703 878 774; x_wconf 86' lang='lat' dir='ltr'>patribus</span> <span class='ocrx_word' id='word_1_64' title='bbox 893 720 1003 773; x_wconf 89' lang='lat' dir='ltr'>accepe-</span> 
     </span>
     <span class='ocr_line' id='line_1_9' title="bbox 161 783 1003 852; baseline 0.002 -18"><span class='ocrx_word' id='word_1_65' title='bbox 161 789 233 847; x_wconf 88' lang='lat' dir='ltr'>runt,</span> <span class='ocrx_word' id='word_1_66' title='bbox 243 785 354 837; x_wconf 85' lang='lat' dir='ltr'>addunt</span> <span class='ocrx_word' id='word_1_67' title='bbox 366 784 489 852; x_wconf 82' lang='lat' dir='ltr'>aliquam</span> <span class='ocrx_word' id='word_1_68' title='bbox 503 799 589 850; x_wconf 88' lang='lat' dir='ltr'>suam,</span> <span class='ocrx_word' id='word_1_69' title='bbox 598 788 629 836; x_wconf 85' lang='lat' dir='ltr'>ut</span> <span class='ocrx_word' id='word_1_70' title='bbox 640 783 687 835; x_wconf 86' lang='lat' dir='ltr'>lrie</span> <span class='ocrx_word' id='word_1_71' title='bbox 699 783 776 836; x_wconf 90' lang='lat' dir='ltr'>idem</span> <span class='ocrx_word' id='word_1_72' title='bbox 788 783 938 836; x_wconf 85' lang='lat' dir='ltr'>Africanus</span> <span class='ocrx_word' id='word_1_73' title='bbox 950 785 1003 836; x_wconf 79' lang='lat' dir='ltr'>elo</span> 
     </span>
     <span class='ocr_line' id='line_1_10' title="bbox 161 859 1004 932; baseline 0.002 -18"><span class='ocrx_word' id='word_1_74' title='bbox 161 864 276 930; x_wconf 85' lang='lat' dir='ltr'>quentia</span> <span class='ocrx_word' id='word_1_75' title='bbox 295 864 449 916; x_wconf 84' lang='lat' dir='ltr'>cumulavit</span> <span class='ocrx_word' id='word_1_76' title='bbox 464 863 593 916; x_wconf 87' lang='lat' dir='ltr'>bellicam</span> <span class='ocrx_word' id='word_1_77' title='bbox 611 859 738 932; x_wconf 86' lang='lat' dir='ltr'>gloriam,</span> <span class='ocrx_word' id='word_1_78' title='bbox 752 864 829 932; x_wconf 91' lang='lat' dir='ltr'>quod</span> <span class='ocrx_word' id='word_1_79' title='bbox 846 863 924 917; x_wconf 90' lang='lat' dir='ltr'>idem</span> <span class='ocrx_word' id='word_1_80' title='bbox 938 862 1004 916; x_wconf 87' lang='lat' dir='ltr'>fecit</span> 
     </span>
     <span class='ocr_line' id='line_1_11' title="bbox 161 943 1004 1012; baseline 0.004 -20"><span class='ocrx_word' id='word_1_81' title='bbox 161 943 324 995; x_wconf 81' lang='lat' dir='ltr'>Timotheus</span> <span class='ocrx_word' id='word_1_82' title='bbox 339 943 460 994; x_wconf 82' lang='lat' dir='ltr'>Cononis</span> <span class='ocrx_word' id='word_1_83' title='bbox 474 943 556 1011; x_wconf 89' lang='lat' dir='ltr'>filius,</span> <span class='ocrx_word' id='word_1_84' title='bbox 567 943 617 1012; x_wconf 90' lang='lat' dir='ltr'>qui</span> <span class='ocrx_word' id='word_1_85' title='bbox 632 959 696 996; x_wconf 90' lang='lat' dir='ltr'>cum</span> <span class='ocrx_word' id='word_1_86' title='bbox 712 945 779 996; x_wconf 91' lang='lat' dir='ltr'>belli</span> <span class='ocrx_word' id='word_1_87' title='bbox 794 943 876 996; x_wconf 91' lang='lat' dir='ltr'>laude</span> <span class='ocrx_word' id='word_1_88' title='bbox 892 959 950 996; x_wconf 90' lang='lat' dir='ltr'>non</span> <span class='ocrx_word' id='word_1_89' title='bbox 964 943 1004 995; x_wconf 92' lang='lat' dir='ltr'>in-</span> 
     </span>
     <span class='ocr_line' id='line_1_12' title="bbox 160 1020 1004 1092; baseline 0.006 -21"><span class='ocrx_word' id='word_1_90' title='bbox 160 1020 243 1073; x_wconf 86' lang='lat' dir='ltr'>ferior</span> <span class='ocrx_word' id='word_1_91' title='bbox 256 1021 354 1074; x_wconf 86' lang='lat' dir='ltr'>fuisset</span> <span class='ocrx_word' id='word_1_92' title='bbox 366 1039 449 1091; x_wconf 88' lang='lat' dir='ltr'>quam</span> <span class='ocrx_word' id='word_1_93' title='bbox 464 1030 551 1092; x_wconf 88' lang='lat' dir='ltr'>pater,</span> <span class='ocrx_word' id='word_1_94' title='bbox 563 1024 600 1076; x_wconf 90' lang='lat' dir='ltr'>ad</span> <span class='ocrx_word' id='word_1_95' title='bbox 615 1040 676 1076; x_wconf 90' lang='lat' dir='ltr'>eam</span> <span class='ocrx_word' id='word_1_96' title='bbox 690 1023 803 1076; x_wconf 88' lang='lat' dir='ltr'>laudem</span> <span class='ocrx_word' id='word_1_97' title='bbox 816 1023 961 1077; x_wconf 86' lang='lat' dir='ltr'>doctrinae</span> <span class='ocrx_word' id='word_1_98' title='bbox 976 1029 1004 1076; x_wconf 88' lang='lat' dir='ltr'>ct</span> 
     </span>
     <span class='ocr_line' id='line_1_13' title="bbox 159 1100 1004 1171; baseline 0.007 -19"><span class='ocrx_word' id='word_1_99' title='bbox 159 1100 267 1168; x_wconf 89' lang='lat' dir='ltr'>ingenii</span> <span class='ocrx_word' id='word_1_100' title='bbox 283 1103 402 1171; x_wconf 86' lang='lat' dir='ltr'>gloriam</span> <span class='ocrx_word' id='word_1_101' title='bbox 421 1104 532 1158; x_wconf 88' lang='lat' dir='ltr'>adiecit.</span> <span class='ocrx_word' id='word_1_102' title='bbox 569 1105 618 1157; x_wconf 84' lang='lat' dir='ltr'>Fit</span> <span class='ocrx_word' id='word_1_103' title='bbox 632 1111 726 1158; x_wconf 91' lang='lat' dir='ltr'>autem</span> <span class='ocrx_word' id='word_1_104' title='bbox 742 1104 885 1157; x_wconf 90' lang='lat' dir='ltr'>interdum</span> <span class='ocrx_word' id='word_1_105' title='bbox 901 1109 934 1157; x_wconf 84' lang='lat' dir='ltr'>ut</span> <span class='ocrx_word' id='word_1_106' title='bbox 947 1119 1004 1158; x_wconf 89' lang='lat' dir='ltr'>non</span> 
     </span>
     <span class='ocr_line' id='line_1_14' title="bbox 160 1183 1003 1254; baseline 0.005 -20"><span class='ocrx_word' id='word_1_107' title='bbox 160 1183 231 1236; x_wconf 92' lang='lat' dir='ltr'>nulli</span> <span class='ocrx_word' id='word_1_108' title='bbox 244 1183 344 1237; x_wconf 91' lang='lat' dir='ltr'>omissa</span> <span class='ocrx_word' id='word_1_109' title='bbox 355 1184 513 1239; x_wconf 87' lang='lat' dir='ltr'>imitatione</span> <span class='ocrx_word' id='word_1_110' title='bbox 527 1186 661 1239; x_wconf 87' lang='lat' dir='ltr'>maiorum</span> <span class='ocrx_word' id='word_1_111' title='bbox 674 1203 755 1239; x_wconf 90' lang='lat' dir='ltr'>suum</span> <span class='ocrx_word' id='word_1_112' title='bbox 769 1187 914 1254; x_wconf 88' lang='lat' dir='ltr'>quoddam</span> <span class='ocrx_word' id='word_1_113' title='bbox 926 1185 1003 1238; x_wconf 89' lang='lat' dir='ltr'>insti-</span> 
     </span>
     <span class='ocr_line' id='line_1_15' title="bbox 160 1266 1003 1336; baseline 0.002 -20"><span class='ocrx_word' id='word_1_114' title='bbox 160 1268 252 1317; x_wconf 87' lang='lat' dir='ltr'>tutum</span> <span class='ocrx_word' id='word_1_115' title='bbox 269 1271 481 1334; x_wconf 86' lang='lat' dir='ltr'>consequantur,</span> <span class='ocrx_word' id='word_1_116' title='bbox 494 1266 615 1319; x_wconf 81' lang='lat' dir='ltr'>maxime</span> <span class='ocrx_word' id='word_1_117' title='bbox 634 1267 664 1318; x_wconf 92' lang='lat' dir='ltr'>in</span> <span class='ocrx_word' id='word_1_118' title='bbox 682 1283 715 1320; x_wconf 91' lang='lat' dir='ltr'>eo</span> <span class='ocrx_word' id='word_1_119' title='bbox 731 1267 894 1336; x_wconf 87' lang='lat' dir='ltr'>plerumque</span> <span class='ocrx_word' id='word_1_120' title='bbox 911 1267 1003 1318; x_wconf 89' lang='lat' dir='ltr'>elabo-</span> 
     </span>
     <span class='ocr_line' id='line_1_16' title="bbox 159 1345 1003 1416; baseline 0.004 -21"><span class='ocrx_word' id='word_1_121' title='bbox 159 1350 223 1398; x_wconf 87' lang='lat' dir='ltr'>rant</span> <span class='ocrx_word' id='word_1_122' title='bbox 237 1345 266 1413; x_wconf 92' lang='lat' dir='ltr'>ii,</span> <span class='ocrx_word' id='word_1_123' title='bbox 280 1345 330 1414; x_wconf 90' lang='lat' dir='ltr'>qui</span> <span class='ocrx_word' id='word_1_124' title='bbox 344 1363 447 1416; x_wconf 89' lang='lat' dir='ltr'>magna</span> <span class='ocrx_word' id='word_1_125' title='bbox 461 1346 516 1400; x_wconf 87' lang='lat' dir='ltr'>sibi</span> <span class='ocrx_word' id='word_1_126' title='bbox 530 1351 692 1416; x_wconf 88' lang='lat' dir='ltr'>proponunt</span> <span class='ocrx_word' id='word_1_127' title='bbox 706 1346 832 1400; x_wconf 83' lang='lat' dir='ltr'>obscuris</span> <span class='ocrx_word' id='word_1_128' title='bbox 848 1346 904 1399; x_wconf 82' lang='lat' dir='ltr'>orti</span> <span class='ocrx_word' id='word_1_129' title='bbox 919 1346 1003 1399; x_wconf 81' lang='lat' dir='ltr'>maio</span> 
     </span>
     <span class='ocr_line' id='line_1_17' title="bbox 159 1423 1003 1496; baseline 0.002 -20"><span class='ocrx_word' id='word_1_130' title='bbox 159 1423 244 1479; x_wconf 88' lang='lat' dir='ltr'>ribus.</span> <span class='ocrx_word' id='word_1_131' title='bbox 284 1428 344 1479; x_wconf 82' lang='lat'>117.</span> <span class='ocrx_word' id='word_1_132' title='bbox 365 1428 443 1480; x_wconf 87' lang='lat' dir='ltr'>Haec</span> <span class='ocrx_word' id='word_1_133' title='bbox 458 1426 546 1495; x_wconf 87' lang='lat' dir='ltr'>igitur</span> <span class='ocrx_word' id='word_1_134' title='bbox 560 1427 661 1493; x_wconf 78' lang='lat' dir='ltr'>omnia,</span> <span class='ocrx_word' id='word_1_135' title='bbox 676 1443 740 1480; x_wconf 90' lang='lat' dir='ltr'>cum</span> <span class='ocrx_word' id='word_1_136' title='bbox 757 1425 918 1495; x_wconf 88' lang='lat' dir='ltr'>quaerimus</span> <span class='ocrx_word' id='word_1_137' title='bbox 932 1427 1003 1496; x_wconf 87' lang='lat' dir='ltr'>quid</span> 
     </span>
     <span class='ocr_line' id='line_1_18' title="bbox 160 1506 1002 1577; baseline 0.004 -21"><span class='ocrx_word' id='word_1_138' title='bbox 160 1506 266 1574; x_wconf 87' lang='lat' dir='ltr'>deceat,</span> <span class='ocrx_word' id='word_1_139' title='bbox 281 1507 430 1576; x_wconf 88' lang='lat' dir='ltr'>complecti</span> <span class='ocrx_word' id='word_1_140' title='bbox 448 1507 541 1560; x_wconf 89' lang='lat' dir='ltr'>animo</span> <span class='ocrx_word' id='word_1_141' title='bbox 558 1511 587 1560; x_wconf 92' lang='lat' dir='ltr'>et</span> <span class='ocrx_word' id='word_1_142' title='bbox 601 1507 773 1577; x_wconf 87' lang='lat' dir='ltr'>cogitatione</span> <span class='ocrx_word' id='word_1_143' title='bbox 788 1507 929 1561; x_wconf 88' lang='lat' dir='ltr'>debemus.</span> <span class='ocrx_word' id='word_1_144' title='bbox 968 1508 1002 1559; x_wconf 93' lang='lat' dir='ltr'>In</span> 
     </span>
     <span class='ocr_line' id='line_1_19' title="bbox 159 1585 1001 1656; baseline 0.006 -21"><span class='ocrx_word' id='word_1_145' title='bbox 159 1585 255 1652; x_wconf 89' lang='lat' dir='ltr'>primis</span> <span class='ocrx_word' id='word_1_146' title='bbox 265 1593 357 1639; x_wconf 86' lang='lat' dir='ltr'>autem</span> <span class='ocrx_word' id='word_1_147' title='bbox 367 1587 594 1640; x_wconf 90' lang='lat' dir='ltr'>constituendum</span> <span class='ocrx_word' id='word_1_148' title='bbox 604 1593 646 1640; x_wconf 89' lang='lat' dir='ltr'>est</span> <span class='ocrx_word' id='word_1_149' title='bbox 656 1604 725 1655; x_wconf 91' lang='lat' dir='ltr'>quos</span> <span class='ocrx_word' id='word_1_150' title='bbox 735 1603 786 1639; x_wconf 91' lang='lat' dir='ltr'>nos</span> <span class='ocrx_word' id='word_1_151' title='bbox 795 1593 824 1640; x_wconf 88' lang='lat' dir='ltr'>et</span> <span class='ocrx_word' id='word_1_152' title='bbox 834 1588 931 1656; x_wconf 90' lang='lat' dir='ltr'>quales</span> <span class='ocrx_word' id='word_1_153' title='bbox 944 1605 1001 1640; x_wconf 87' lang='lat' dir='ltr'>esse</span> 
     </span>
     <span class='ocr_line' id='line_1_20' title="bbox 158 1665 1002 1738; baseline 0.002 -20"><span class='ocrx_word' id='word_1_154' title='bbox 158 1665 276 1720; x_wconf 88' lang='lat' dir='ltr'>velimus</span> <span class='ocrx_word' id='word_1_155' title='bbox 295 1672 323 1719; x_wconf 88' lang='lat' dir='ltr'>ct</span> <span class='ocrx_word' id='word_1_156' title='bbox 341 1669 372 1720; x_wconf 90' lang='lat' dir='ltr'>in</span> <span class='ocrx_word' id='word_1_157' title='bbox 391 1684 446 1736; x_wconf 93' lang='lat' dir='ltr'>quo</span> <span class='ocrx_word' id='word_1_158' title='bbox 464 1683 565 1738; x_wconf 88' lang='lat' dir='ltr'>genere</span> <span class='ocrx_word' id='word_1_159' title='bbox 583 1668 665 1735; x_wconf 87' lang='lat' dir='ltr'>vitae,</span> <span class='ocrx_word' id='word_1_160' title='bbox 683 1684 755 1736; x_wconf 88' lang='lat' dir='ltr'>quae</span> <span class='ocrx_word' id='word_1_161' title='bbox 774 1667 941 1721; x_wconf 85' lang='lat' dir='ltr'>deliberatio</span> <span class='ocrx_word' id='word_1_162' title='bbox 960 1673 1002 1721; x_wconf 85' lang='lat' dir='ltr'>est</span> 
     </span>
     <span class='ocr_line' id='line_1_21' title="bbox 158 1746 1001 1815; baseline 0.007 -20"><span class='ocrx_word' id='word_1_163' title='bbox 158 1746 283 1808; x_wconf 89' lang='lat' dir='ltr'>omnium</span> <span class='ocrx_word' id='word_1_164' title='bbox 296 1747 468 1801; x_wconf 86' lang='lat' dir='ltr'>difficillima.</span> <span class='ocrx_word' id='word_1_165' title='bbox 506 1749 622 1801; x_wconf 87' lang='lat' dir='ltr'>Ineunte</span> <span class='ocrx_word' id='word_1_166' title='bbox 638 1748 712 1800; x_wconf 90' lang='lat' dir='ltr'>enirn</span> <span class='ocrx_word' id='word_1_167' title='bbox 727 1748 923 1815; x_wconf 88' lang='lat' dir='ltr'>adolescentia,</span> <span class='ocrx_word' id='word_1_168' title='bbox 937 1765 1001 1801; x_wconf 86' lang='lat' dir='ltr'>eum</span> 
     </span>
     <span class='ocr_line' id='line_1_22' title="bbox 158 1826 1001 1898; baseline 0.007 -23"><span class='ocrx_word' id='word_1_169' title='bbox 158 1831 201 1876; x_wconf 88' lang='lat' dir='ltr'>est</span> <span class='ocrx_word' id='word_1_170' title='bbox 218 1826 339 1878; x_wconf 90' lang='lat' dir='ltr'>maxima</span> <span class='ocrx_word' id='word_1_171' title='bbox 357 1827 535 1881; x_wconf 88' lang='lat' dir='ltr'>imbecillitas</span> <span class='ocrx_word' id='word_1_172' title='bbox 554 1829 671 1895; x_wconf 86' lang='lat' dir='ltr'>consilii,</span> <span class='ocrx_word' id='word_1_173' title='bbox 686 1833 746 1881; x_wconf 86' lang='lat' dir='ltr'>tum</span> <span class='ocrx_word' id='word_1_174' title='bbox 764 1829 795 1881; x_wconf 93' lang='lat' dir='ltr'>id</span> <span class='ocrx_word' id='word_1_175' title='bbox 812 1829 866 1881; x_wconf 92' lang='lat' dir='ltr'>sibi</span> <span class='ocrx_word' id='word_1_176' title='bbox 883 1829 1001 1898; x_wconf 88' lang='lat' dir='ltr'>quisque</span> 
     </span>
     <span class='ocr_line' id='line_1_23' title="bbox 158 1906 1001 1983; baseline 0.008 -28"><span class='ocrx_word' id='word_1_177' title='bbox 158 1920 247 1971; x_wconf 86' lang='lat' dir='ltr'>genus</span> <span class='ocrx_word' id='word_1_178' title='bbox 262 1906 360 1958; x_wconf 83' lang='lat' dir='ltr'>aetatis</span> <span class='ocrx_word' id='word_1_179' title='bbox 375 1906 521 1976; x_wconf 83' lang='lat' dir='ltr'>degendae</span> <span class='ocrx_word' id='word_1_180' title='bbox 538 1909 692 1976; x_wconf 87' lang='lat' dir='ltr'>constituit,</span> <span class='ocrx_word' id='word_1_181' title='bbox 707 1910 784 1978; x_wconf 90' lang='lat' dir='ltr'>quod</span> <span class='ocrx_word' id='word_1_182' title='bbox 799 1909 919 1983; x_wconf 85' lang='lat' dir='ltr'>maxime</span> <span class='ocrx_word' id='word_1_183' title='bbox 936 1911 1001 1980; x_wconf 85' lang='lat' dir='ltr'>ada-</span> 
     </span>
     <span class='ocr_line' id='line_1_24' title="bbox 157 1983 1001 2059; baseline 0.009 -25"><span class='ocrx_word' id='word_1_184' title='bbox 157 1984 252 2038; x_wconf 85' lang='lat' dir='ltr'>mavit.</span> <span class='ocrx_word' id='word_1_185' title='bbox 289 1985 388 2054; x_wconf 89' lang='lat' dir='ltr'>Itaque</span> <span class='ocrx_word' id='word_1_186' title='bbox 412 1993 476 2040; x_wconf 88' lang='lat' dir='ltr'>ante</span> <span class='ocrx_word' id='word_1_187' title='bbox 499 1989 660 2058; x_wconf 87' lang='lat' dir='ltr'>implicatur</span> <span class='ocrx_word' id='word_1_188' title='bbox 683 1989 788 2057; x_wconf 87' lang='lat' dir='ltr'>aliquo·</span> <span class='ocrx_word' id='word_1_189' title='bbox 801 1996 877 2042; x_wconf 84' lang='lat' dir='ltr'>certo</span> <span class='ocrx_word' id='word_1_190' title='bbox 900 1983 1001 2059; x_wconf 81' lang='lat' dir='ltr'>genero</span> 
     </span>
     <span class='ocr_line' id='line_1_25' title="bbox 158 2059 1002 2138; baseline 0.009 -23"><span class='ocrx_word' id='word_1_191' title='bbox 158 2079 295 2134; x_wconf 79' lang='lat' dir='ltr'>cursuque</span> <span class='ocrx_word' id='word_1_192' title='bbox 313 2066 428 2120; x_wconf 84' lang='lat' dir='ltr'>vivendi</span> <span class='ocrx_word' id='word_1_193' title='bbox 450 2084 534 2137; x_wconf 89' lang='lat' dir='ltr'>quarn</span> <span class='ocrx_word' id='word_1_194' title='bbox 554 2069 649 2138; x_wconf 88' lang='lat' dir='ltr'>potuit</span> <span class='ocrx_word' id='word_1_195' title='bbox 671 2070 752 2138; x_wconf 54' lang='lat' dir='ltr'>quod*</span> <span class='ocrx_word' id='word_1_196' title='bbox 770 2059 909 2138; x_wconf 90' lang='lat' dir='ltr'>optimum</span> <span class='ocrx_word' id='word_1_197' title='bbox 929 2077 1002 2123; x_wconf 90' lang='lat' dir='ltr'>esset</span> 
     </span>
     <span class='ocr_line' id='line_1_26' title="bbox 156 2144 1001 2218; baseline 0.007 -22"><span class='ocrx_word' id='word_1_198' title='bbox 156 2144 288 2201; x_wconf 86' lang='lat' dir='ltr'>iudicare.</span> <span class='ocrx_word' id='word_1_199' title='bbox 327 2150 385 2202; x_wconf 87' lang='grc'>118.</span> <span class='ocrx_word' id='word_1_200' title='bbox 408 2149 482 2201; x_wconf 90' lang='lat' dir='ltr'>Nam</span> <span class='ocrx_word' id='word_1_201' title='bbox 504 2150 581 2218; x_wconf 87' lang='lat' dir='ltr'>quod</span> <span class='ocrx_word' id='word_1_202' title='bbox 603 2151 753 2202; x_wconf 90' lang='lat' dir='ltr'>Herculem</span> <span class='ocrx_word' id='word_1_203' title='bbox 774 2150 937 2202; x_wconf 89' lang='lat' dir='ltr'>Prodicium</span> <span class='ocrx_word' id='word_1_204' title='bbox 959 2150 1001 2202; x_wconf 90' lang='lat' dir='ltr'>di-</span> 
     </span>
     <span class='ocr_line' id='line_1_27' title="bbox 157 2230 1001 2300; baseline 0.007 -23"><span class='ocrx_word' id='word_1_205' title='bbox 157 2231 232 2294; x_wconf 89' lang='lat' dir='ltr'>cunt,</span> <span class='ocrx_word' id='word_1_206' title='bbox 248 2233 280 2280; x_wconf 85' lang='lat' dir='ltr'>ut</span> <span class='ocrx_word' id='word_1_207' title='bbox 298 2233 339 2280; x_wconf 91' lang='lat' dir='ltr'>cst</span> <span class='ocrx_word' id='word_1_208' title='bbox 357 2230 435 2298; x_wconf 87' lang='lat' dir='ltr'>apud</span> <span class='ocrx_word' id='word_1_209' title='bbox 453 2230 677 2298; x_wconf 90' lang='lat' dir='ltr'>Xenophontem,</span> <span class='ocrx_word' id='word_1_210' title='bbox 693 2245 757 2282; x_wconf 93' lang='lat' dir='ltr'>cum</span> <span class='ocrx_word' id='word_1_211' title='bbox 773 2231 896 2299; x_wconf 90' lang='lat' dir='ltr'>primum</span> <span class='ocrx_word' id='word_1_212' title='bbox 914 2231 1001 2300; x_wconf 89' lang='lat' dir='ltr'>pube·</span> 
     </span>
     <span class='ocr_line' id='line_1_28' title="bbox 157 2310 1001 2380; baseline 0.007 -22"><span class='ocrx_word' id='word_1_213' title='bbox 157 2314 251 2376; x_wconf 88' lang='lat' dir='ltr'>sceret,</span> <span class='ocrx_word' id='word_1_214' title='bbox 268 2310 345 2377; x_wconf 91' lang='lat' dir='ltr'>quod</span> <span class='ocrx_word' id='word_1_215' title='bbox 363 2316 474 2378; x_wconf 89' lang='lat' dir='ltr'>tempus</span> <span class='ocrx_word' id='word_1_216' title='bbox 496 2326 513 2362; x_wconf 88' lang='lat' dir='ltr'>a</span> <span class='ocrx_word' id='word_1_217' title='bbox 534 2314 635 2363; x_wconf 88' lang='lat' dir='ltr'>natura</span> <span class='ocrx_word' id='word_1_218' title='bbox 656 2310 693 2362; x_wconf 88' lang='lat' dir='ltr'>ad</span> <span class='ocrx_word' id='word_1_219' title='bbox 711 2310 895 2380; x_wconf 85' lang='lat' dir='ltr'>deligendum</span> <span class='ocrx_word' id='word_1_220' title='bbox 916 2327 1001 2379; x_wconf 89' lang='lat' dir='ltr'>quarn</span> 
     </span>
     <span class='ocr_line' id='line_1_29' title="bbox 157 2389 1001 2459; baseline 0.006 -20"><span class='ocrx_word' id='word_1_221' title='bbox 157 2389 275 2456; x_wconf 89' lang='lat' dir='ltr'>quisque</span> <span class='ocrx_word' id='word_1_222' title='bbox 287 2391 364 2443; x_wconf 89' lang='lat' dir='ltr'>viam</span> <span class='ocrx_word' id='word_1_223' title='bbox 376 2390 492 2444; x_wconf 87' lang='lat' dir='ltr'>vivendi</span> <span class='ocrx_word' id='word_1_224' title='bbox 505 2390 542 2442; x_wconf 89' lang='lat' dir='ltr'>sit</span> <span class='ocrx_word' id='word_1_225' title='bbox 553 2391 727 2459; x_wconf 86' lang='lat' dir='ltr'>ingressurus</span> <span class='ocrx_word' id='word_1_226' title='bbox 740 2391 839 2444; x_wconf 88' lang='lat' dir='ltr'>datum</span> <span class='ocrx_word' id='word_1_227' title='bbox 854 2396 902 2458; x_wconf 88' lang='lat' dir='ltr'>cst,</span> <span class='ocrx_word' id='word_1_228' title='bbox 912 2392 1001 2444; x_wconf 89' lang='lat' dir='ltr'>exisse</span> 
     </span>
     <span class='ocr_line' id='line_1_30' title="bbox 156 2467 1000 2538; baseline 0.006 -19"><span class='ocrx_word' id='word_1_229' title='bbox 156 2467 185 2518; x_wconf 91' lang='lat' dir='ltr'>in</span> <span class='ocrx_word' id='word_1_230' title='bbox 198 2469 379 2523; x_wconf 86' lang='lat' dir='ltr'>solitudinem</span> <span class='ocrx_word' id='word_1_231' title='bbox 393 2477 478 2538; x_wconf 87' lang='lat' dir='ltr'>atque</span> <span class='ocrx_word' id='word_1_232' title='bbox 491 2470 532 2522; x_wconf 93' lang='lat' dir='ltr'>ibi</span> <span class='ocrx_word' id='word_1_233' title='bbox 545 2472 689 2523; x_wconf 84' lang='lat' dir='ltr'>sedentem</span> <span class='ocrx_word' id='word_1_234' title='bbox 699 2471 749 2523; x_wconf 92' lang='lat' dir='ltr'>diu</span> <span class='ocrx_word' id='word_1_235' title='bbox 763 2487 856 2524; x_wconf 91' lang='lat' dir='ltr'>secum</span> <span class='ocrx_word' id='word_1_236' title='bbox 869 2473 1000 2524; x_wconf 90' lang='lat' dir='ltr'>multum·</span> 
     </span>
     <span class='ocr_line' id='line_1_31' title="bbox 156 2549 1000 2621; baseline 0.006 -23"><span class='ocrx_word' id='word_1_237' title='bbox 156 2563 210 2613; x_wconf 92' lang='lat' dir='ltr'>que</span> <span class='ocrx_word' id='word_1_238' title='bbox 226 2549 376 2615; x_wconf 80' lang='lat' dir='ltr'>dubitasse,</span> <span class='ocrx_word' id='word_1_239' title='bbox 385 2567 448 2603; x_wconf 90' lang='lat' dir='ltr'>curn</span> <span class='ocrx_word' id='word_1_240' title='bbox 464 2551 534 2604; x_wconf 74' lang='lat' dir='ltr'>diras</span> <span class='ocrx_word' id='word_1_241' title='bbox 549 2556 673 2604; x_wconf 87' lang='lat' dir='ltr'>cerneret</span> <span class='ocrx_word' id='word_1_242' title='bbox 687 2551 754 2618; x_wconf 84' lang='lat' dir='ltr'>vias,</span> <span class='ocrx_word' id='word_1_243' title='bbox 768 2568 852 2604; x_wconf 90' lang='lat' dir='ltr'>unam</span> <span class='ocrx_word' id='word_1_244' title='bbox 865 2553 1000 2621; x_wconf 87' lang='lat' dir='ltr'>Volupta-</span> 
     </span>
     <span class='ocr_line' id='line_1_32' title="bbox 156 2626 999 2700; baseline 0.008 -25"><span class='ocrx_word' id='word_1_245' title='bbox 156 2626 200 2692; x_wconf 80' lang='lat' dir='ltr'>tis,</span> <span class='ocrx_word' id='word_1_246' title='bbox 215 2628 331 2680; x_wconf 89' lang='lat' dir='ltr'>alteram</span> <span class='ocrx_word' id='word_1_247' title='bbox 346 2630 476 2698; x_wconf 87' lang='lat' dir='ltr'>Virtutis,</span> <span class='ocrx_word' id='word_1_248' title='bbox 492 2636 583 2682; x_wconf 85' lang='lat' dir='ltr'>atrum</span> <span class='ocrx_word' id='word_1_249' title='bbox 601 2630 713 2700; x_wconf 86' lang='lat' dir='ltr'>ingredi</span> <span class='ocrx_word' id='word_1_250' title='bbox 731 2631 831 2684; x_wconf 87' lang='lat' dir='ltr'>melius</span> <span class='ocrx_word' id='word_1_251' title='bbox 850 2635 929 2700; x_wconf 88' lang='lat' dir='ltr'>esset,</span> <span class='ocrx_word' id='word_1_252' title='bbox 947 2631 999 2683; x_wconf 91' lang='lat' dir='ltr'>boc</span> 
     </span>
     <span class='ocr_line' id='line_1_33' title="bbox 156 2707 999 2780; baseline 0.008 -23"><span class='ocrx_word' id='word_1_253' title='bbox 156 2707 271 2759; x_wconf 86' lang='lat' dir='ltr'>Herculi</span> <span class='ocrx_word' id='word_1_254' title='bbox 292 2709 369 2761; x_wconf 88' lang='lat' dir='ltr'>Iovis</span> <span class='ocrx_word' id='word_1_255' title='bbox 391 2716 452 2763; x_wconf 86' lang='lat' dir='ltr'>satu</span> <span class='ocrx_word' id='word_1_256' title='bbox 474 2711 551 2764; x_wconf 89' lang='lat' dir='ltr'>edito</span> <span class='ocrx_word' id='word_1_257' title='bbox 574 2711 669 2780; x_wconf 86' lang='lat' dir='ltr'>potuit</span> <span class='ocrx_word' id='word_1_258' title='bbox 690 2711 806 2764; x_wconf 86' lang='lat' dir='ltr'>fortasse</span> <span class='ocrx_word' id='word_1_259' title='bbox 827 2712 999 2780; x_wconf 87' lang='lat' dir='ltr'>contingere,</span> 
     </span>
     <span class='ocr_line' id='line_1_34' title="bbox 155 2786 1000 2860; baseline 0.007 -23"><span class='ocrx_word' id='word_1_260' title='bbox 155 2786 238 2838; x_wconf 88' lang='lat' dir='ltr'>nobis</span> <span class='ocrx_word' id='word_1_261' title='bbox 254 2803 310 2838; x_wconf 93' lang='lat' dir='ltr'>non</span> <span class='ocrx_word' id='word_1_262' title='bbox 327 2789 403 2856; x_wconf 85' lang='lat' dir='ltr'>item,</span> <span class='ocrx_word' id='word_1_263' title='bbox 418 2790 467 2858; x_wconf 94' lang='lat' dir='ltr'>qui</span> <span class='ocrx_word' id='word_1_264' title='bbox 484 2791 628 2843; x_wconf 90' lang='lat' dir='ltr'>imitamur</span> <span class='ocrx_word' id='word_1_265' title='bbox 643 2807 713 2860; x_wconf 91' lang='lat' dir='ltr'>quos</span> <span class='ocrx_word' id='word_1_266' title='bbox 732 2792 833 2860; x_wconf 90' lang='lat' dir='ltr'>cuique</span> <span class='ocrx_word' id='word_1_267' title='bbox 848 2792 939 2845; x_wconf 87' lang='lat' dir='ltr'>visum</span> <span class='ocrx_word' id='word_1_268' title='bbox 957 2798 1000 2844; x_wconf 90' lang='lat' dir='ltr'>est</span> 
     </span>
     <span class='ocr_line' id='line_1_35' title="bbox 155 2867 1000 2941; baseline 0.005 -21"><span class='ocrx_word' id='word_1_269' title='bbox 155 2874 239 2935; x_wconf 86' lang='lat' dir='ltr'>atque</span> <span class='ocrx_word' id='word_1_270' title='bbox 259 2867 296 2919; x_wconf 91' lang='lat' dir='ltr'>ad</span> <span class='ocrx_word' id='word_1_271' title='bbox 315 2884 409 2920; x_wconf 90' lang='lat' dir='ltr'>eorum</span> <span class='ocrx_word' id='word_1_272' title='bbox 429 2871 523 2924; x_wconf 87' lang='lat' dir='ltr'>studia</span> <span class='ocrx_word' id='word_1_273' title='bbox 541 2871 725 2939; x_wconf 86' lang='lat' dir='ltr'>institutaque</span> <span class='ocrx_word' id='word_1_274' title='bbox 745 2871 924 2941; x_wconf 89' lang='lat' dir='ltr'>impellimur,</span> <span class='ocrx_word' id='word_1_275' title='bbox 940 2873 1000 2941; x_wconf 87' lang='lat' dir='ltr'>plc-</span> 
     </span>
     <span class='ocr_line' id='line_1_36' title="bbox 155 2950 1000 3020; baseline 0.005 -21"><span class='ocrx_word' id='word_1_276' title='bbox 155 2963 271 3016; x_wconf 87' lang='lat' dir='ltr'>rumque</span> <span class='ocrx_word' id='word_1_277' title='bbox 287 2953 379 3000; x_wconf 86' lang='lat' dir='ltr'>autem</span> <span class='ocrx_word' id='word_1_278' title='bbox 392 2950 551 3017; x_wconf 85' lang='lat' dir='ltr'>parentium</span> <span class='ocrx_word' id='word_1_279' title='bbox 563 2950 719 3020; x_wconf 86' lang='lat' dir='ltr'>praeceptis</span> <span class='ocrx_word' id='word_1_280' title='bbox 734 2951 836 3005; x_wconf 86' lang='lat' dir='ltr'>imbuti</span> <span class='ocrx_word' id='word_1_281' title='bbox 852 2954 890 3005; x_wconf 87' lang='lat' dir='ltr'>nd</span> <span class='ocrx_word' id='word_1_282' title='bbox 903 2969 1000 3006; x_wconf 88' lang='lat' dir='ltr'>eorum</span> 
     </span>
     <span class='ocr_line' id='line_1_37' title="bbox 155 3029 1000 3098; baseline 0.008 -20"><span class='ocrx_word' id='word_1_283' title='bbox 155 3029 386 3080; x_wconf 85' lang='lat' dir='ltr'>consuetudinem</span> <span class='ocrx_word' id='word_1_284' title='bbox 404 3044 564 3096; x_wconf 89' lang='lat' dir='ltr'>moremque</span> <span class='ocrx_word' id='word_1_285' title='bbox 583 3030 757 3086; x_wconf 88' lang='lat' dir='ltr'>deducimur.</span> <span class='ocrx_word' id='word_1_286' title='bbox 793 3032 854 3084; x_wconf 90' lang='lat' dir='ltr'>Alii</span> <span class='ocrx_word' id='word_1_287' title='bbox 872 3033 1000 3098; x_wconf 81' lang='lat' dir='ltr'>multitu-</span> 
     </span>
     <span class='ocr_line' id='line_1_38' title="bbox 73 3106 1000 3181; baseline 0.01 -25"><span class='ocrx_word' id='word_1_288' title='bbox 73 3167 76 3171; x_wconf 30' lang='lat'>,</span> <span class='ocrx_word' id='word_1_289' title='bbox 156 3106 231 3158; x_wconf 86' lang='lat' dir='ltr'>dinis</span> <span class='ocrx_word' id='word_1_290' title='bbox 246 3107 353 3160; x_wconf 90' lang='lat' dir='ltr'>iudicio</span> <span class='ocrx_word' id='word_1_291' title='bbox 367 3107 494 3160; x_wconf 88' lang='lat' dir='ltr'>feruntur</span> <span class='ocrx_word' id='word_1_292' title='bbox 508 3125 635 3176; x_wconf 86' lang='lat' dir='ltr'>quaeque</span> <span class='ocrx_word' id='word_1_293' title='bbox 649 3110 747 3162; x_wconf 87' lang='lat' dir='ltr'>maiori</span> <span class='ocrx_word' id='word_1_294' title='bbox 759 3112 833 3180; x_wconf 88' lang='lat' dir='ltr'>parti</span> <span class='ocrx_word' id='word_1_295' title='bbox 845 3113 1000 3181; x_wconf 85' lang='lat' dir='ltr'>pulcherri-</span> 
     </span>
    </p>
   </div>
   <div class='ocr_carea' id='block_1_2' title="bbox 0 0 1132 3448">
    <p class='ocr_par' dir='ltr' id='par_1_3' title="bbox 0 0 1132 3448">
     <span class='ocr_line' id='line_1_39' title="bbox 0 0 1132 3448; baseline 0 1"><span class='ocrx_word' id='word_1_296' title='bbox 0 0 1132 3448; x_wconf 95' lang='lat' dir='ltr'> </span> 
     </span>
    </p>
   </div>
  </div>
 </body>
</html>
