2272 3442
121 115 152 160 32
176 163 180 170 ,
348 111 385 158 M.
404 109 532 160 TULLII
549 109 737 159 CICERONIS

118 192 182 244 mali
198 192 327 246 accidisse
344 191 461 257 Scipioni
477 194 559 258 pnt03
581 191 648 243 mihi
663 191 763 244 cecidit
777 191 800 244 ei
815 192 883 260 quid
900 193 965 247 ecci·

118 267 168 320 dit.
205 267 266 320 Suis
278 271 370 320 autem
385 266 561 318 incommodis
573 267 694 332 graviter
706 267 767 333 angl
783 283 836 320 non
852 269 966 322 amicum

118 342 168 395 sed
181 359 210 395 sc
225 342 313 411 ipsum
325 343 442 396 amantis
454 345 505 400 est.
528 348 566 396 ll.
587 342 655 394 (lum
670 342 717 394 illo
729 359 792 394 vero
808 343 869 411 quis
886 350 968 413 neget

118 421 210 470 aetum
222 435 281 470 esse
293 417 448 484 praeclaret
484 417 545 470 Nisi
558 418 637 482 enim,
651 417 725 487 quod
739 417 786 472 ille
799 419 908 472 minime
920 439 969 488 pu-

119 492 205 557 tabat,
223 493 456 558 immortalitatem
468 497 564 561 optare
576 495 665 558 vellet,
679 494 747 562 quid
763 511 817 546 non
829 498 872 547 est
887 495 968 564 adep

121 572 165 620 tus
183 569 257 636 qued
275 568 376 621 homini
394 568 435 620 fas
451 573 524 622 esset
541 571 655 637 optaret
675 569 722 636 qui
740 586 873 623 summam
892 588 968 638 spem

119 644 224 709 civium,
238 661 319 712 quam
331 644 367 697 de
380 660 412 697 eo
421 644 479 712 jam
491 661 576 712 puero
590 645 750 712 habuerant,
766 646 893 699 continuo
906 647 969 699 ade-

119 719 223 772 lescens
246 719 399 773 incredibili
420 721 523 773 virtute
547 721 699 788 superavit3
728 721 775 788 qui
799 722 968 774 consulatum

119 795 201 863 petiit
224 813 369 863 nunquam,
393 796 481 848 factus
504 799 547 848 est
566 797 659 850 consul
683 796 739 861 bis;
765 797 882 864 primum
904 802 969 851 ante

120 875 242 938 tempus;
266 871 366 924 iterum
386 871 437 923 sibi
455 888 504 924 suo
522 875 653 940 tempore,
673 871 856 940 reipublicae
881 890 968 940 [tecue

121 962 197 1010 sere;
216 946 261 1013 qui
279 945 385 999 duabus
396 945 510 999 urbibus
522 947 623 1000 cversis
638 947 827 1001 inimicissimis
842 948 905 1002 huie
922 950 970 1001 im-

112 1022 197 1090 perio
219 1038 274 1074 nen
293 1021 373 1074 modo
394 1023 549 1089 praesentia
568 1040 662 1076 verum
682 1025 764 1076 etiam
783 1025 876 1078 futura
899 1024 971 1078 bella

121 1097 230 1150 delevit.
267 1097 339 1162 Quid
355 1097 443 1150 dicam
461 1097 495 1150 dc
511 1099 633 1151 moribus
649 1100 790 1167 facillimis,
808 1099 844 1154 de
866 1101 971 1169 pictate

121 1173 150 1225 in
173 1176 297 1240 matrem,
323 1172 488 1226 liberalitate
511 1174 539 1226 in
566 1191 678 1239 sorores,
702 1175 825 1229 bonitate
848 1177 876 1228 in
900 1194 988 1245 suos,-

117 1247 229 1318 justitie
242 1249 270 1301 in
285 1250 394 1302 emnesl
413 1249 438 1301 N
440 1253 486 1302 eta
502 1254 566 1304 sunt
580 1250 663 1303 vobis.
700 1251 787 1314 Quam
802 1254 893 1304 auteur
909 1252 970 1304 civi-

123 1324 175 1376 tati
192 1341 270 1378 canis
286 1325 370 1378 fucrit
387 1341 510 1378 maerore
527 1325 630 1379 funeris
645 1326 795 1381 indicatum
812 1330 861 1380 cst.
898 1327 970 1392 Quid

124 1400 207 1466 igitur
224 1399 296 1454 hunc
313 1417 459 1469 paucorum
478 1418 607 1454 annorum
626 1403 742 1466 accessio
755 1403 853 1470 juvare
871 1404 972 1470 potuis-

123 1477 184 1538 sctl
219 1475 350 1529 Senectus
366 1477 438 1530 enim
453 1479 576 1545 quamvis
589 1495 643 1530 non
659 1478 694 1531 sit
708 1479 806 1546 gravis,
818 1481 850 1531 ut
862 1479 972 1530 memini

125 1551 256 1604 Catonem
274 1569 344 1604 anno
363 1558 426 1605 ante
446 1569 527 1620 quam
546 1557 668 1612 mortuus
687 1559 729 1608 cst
745 1572 851 1608 mecum
867 1557 972 1607 etcum

125 1627 248 1695 Scipione
261 1627 403 1691 disserere,
420 1631 511 1680 tamen
523 1629 612 1682 aufert
624 1647 684 1682 eam
696 1631 864 1683 viriditatem
877 1631 905 1682 in
919 1648 973 1698 qua

125 1702 280 1755 etiamnunc
304 1707 362 1754 erat
387 1703 481 1770 Scipio.
521 1709 558 1755 12.
586 1705 766 1768 Quamobrem
786 1707 842 1759 rita
862 1705 972 1773 quidem

125 1777 190 1830 talis
202 1777 255 1830 luit
267 1777 310 1830 vel
322 1777 432 1831 fortuna
444 1779 486 1831 vel
498 1779 584 1846 gloria
596 1783 627 1832 ut
640 1779 707 1832 nihil
724 1783 818 1848 posset
833 1780 973 1833 accedere:

126 1852 260 1905 moriendi
276 1855 367 1905 antem
383 1869 490 1906 sensum
505 1855 629 1908 celeritas
644 1855 764 1909 abstulit.
803 1856 861 1919 Quo
876 1856 911 1908 do
927 1872 973 1922 ge-

128 1945 193 1980 nere
205 1927 300 1981 mortis
313 1927 419 1982 difficile
429 1928 504 1982 dictu
517 1933 574 1994 est;
593 1931 659 1999 quid
671 1931 793 1984 hominos
805 1931 974 1999 suspieentur

103 2013 106 2019 '
127 2003 234 2056 vidctis.
274 2002 333 2055 lloc
351 2019 418 2070 uvere
435 2007 528 2058 tamen
548 2006 612 2060 licet
633 2007 732 2073 dicere,
753 2006 782 2059 Ρ.
802 2007 918 2075 Scipioni
941 2025 974 2061 cx

127 2079 221 2132 multis
237 2076 333 2131 diebus
348 2096 416 2146 quos
433 2081 461 2132 in
476 2081 533 2134 vita
551 2082 741 2135 celeberrimos
759 2083 975 2150 laetissimosque

127 2153 318 2212 videritillum
333 2153 406 2206 diem
421 2155 599 2209 clarissimum
613 2157 704 2223 fuisse,
720 2164 804 2225 quum'
820 2157 921 2210 Senatu
936 2158 975 2210 di-

128 2230 210 2282 misso
235 2229 346 2282 domurn
370 2230 499 2284 reduetus
522 2232 558 2284 ad
579 2249 722 2301 vesperum
747 2237 789 2286 cst
813 2250 829 2286 a
852 2233 976 2300 patribus

128 2305 295 2374 conscriptis,
319 2307 418 2374 populo
443 2307 573 2375 ltomano,
598 2309 677 2362 sociis
700 2312 730 2362 ot
750 2309 862 2373 Latinis,
887 2310 976 2377 pridie

128 2399 211 2449 quam
225 2383 341 2436 excessit
356 2400 372 2435 e
386 2383 457 2448 vita;
479 2388 511 2437 ut
529 2401 563 2437 ex
581 2387 638 2437 tam
655 2385 711 2438 alto
730 2385 872 2451 dignitatis
889 2385 977 2451 gradu

129 2457 165 2531 ad
183 2475 295 2525 superos
314 2459 439 2512 videatur
457 2458 523 2512 deos
541 2460 728 2527 potiusquam
745 2460 782 2512 ad
799 2460 899 2513 inferos
917 2477 975 2528 per-

132 2547 244 2585 vcmssc.

183 2607 232 2659 IV.
270 2613 309 2660 13.
333 2609 431 2676 Neque
449 2609 521 2662 enim
539 2611 672 2665 assentior
690 2611 723 2665 iis
741 2613 788 2680 qui
806 2612 873 2666 haec
891 2629 979 2680 nuper

131 2683 267 2736 disserere
276 2691 430 2750 coeperunt,
443 2702 504 2737 eum
516 2687 676 2754 corporibus
689 2689 768 2741 simul
781 2689 884 2742 animes
896 2689 979 2741 inter-

130 2759 170 2812 ire
189 2761 272 2826 atquc
292 2760 381 2811 omnia
395 2765 484 2813 morie
499 2760 592 2816 deleri.
630 2763 694 2816 l'lus
708 2765 781 2832 apud
796 2781 840 2817 me
855 2764 978 2830 antique-

130 2851 190 2887 rum
202 2833 349 2886 aucteritas
356 2835 429 2887 valet
442 2836 483 2888 vel
496 2843 649 2891 nestrorum
660 2839 793 2907 nrajerum
804 2841 851 2908 qui
862 2841 979 2893 mortuis

129 2913 187 2964 tam
206 2908 332 2976 religiosa
346 2908 411 2976 jura
430 2911 593 2980 tribuerunt,
613 2915 687 2982 quod
706 2932 759 2968 non
776 2916 905 2970 fecissent
919 2933 979 2984 pro-

130 2985 209 3051 iecto,
223 2985 245 3036 si
257 2984 323 3037 nihil
336 2985 372 3038 ad
384 3003 430 3038 eos
443 2987 581 3053 pertinere
593 2990 810 3056 arbitrarentur5
827 2992 870 3044 vel
883 3007 978 3044 corum

131 3063 177 3128 qui
200 3061 227 3113 in
245 3059 295 3113 hae
314 3064 389 3114 terra
407 3061 519 3114 fuerunt
536 3080 717 3132 magnamque
738 3065 887 3132 Graeciam,
908 3083 980 3135 quae

131 3153 201 3189 num
213 3136 323 3204 quidem
336 3135 428 3191 deleta
441 3142 485 3192 est
500 3140 564 3192 tunc
578 3138 701 3204 florebat,
714 3139 849 3196 institutis
861 3147 891 3197 et
903 3159 981 3212 prac-
