2272 3442
271 124 341 174 nra.
357 125 391 186 1.,
408 123 723 192 cAr.xv11.xv111.‚
740 123 754 183 r
771 127 858 176 saco.
960 129 990 175 ar

153 209 216 279 quis
226 209 318 272 bonus
333 207 445 260 dubitet
456 211 574 260 mortem
589 211 727 276 oppetere,
740 207 764 259 si
778 208 804 260 ei
819 207 856 260 sit
867 208 992 276 prolutu-

152 293 219 344 rusl
251 290 313 354 Quo
326 293 367 340 est
381 288 574 340 detestabilior
585 288 703 340 istorum
715 288 882 356 immanitas,
893 289 941 356 qui
954 291 992 342 la-

154 375 282 424 cerarunt
291 368 367 421 omni
377 369 479 420 scolere
488 368 609 436 patriam
618 373 646 420 et
654 368 684 420 in
694 384 727 420 ea
735 367 863 422 funditus
873 371 994 422 delenda

154 449 285 518 occupati
294 453 323 501 et
333 452 397 501 sunt
409 453 437 500 et
445 447 565 501 fuerunt.
598 449 639 500 58.
655 447 710 503 Sed
720 448 743 500 si
756 449 899 518 contentio
912 465 993 517 quae-

155 530 221 582 dam
238 534 266 580 et
282 527 453 596 comparatio
471 527 520 579 fiat
533 527 635 595 quibus
649 527 805 595 plurimum
815 529 994 582 tribuendum
1016 521 1019 528 ’

155 609 193 661 sit
205 608 299 675 officii,
309 607 450 676 principes
462 607 519 660 sint
530 607 622 676 patria
635 613 663 659 et
671 612 807 675 parentes,
818 624 936 676 quorum
948 609 995 662 be-

155 689 262 742 neficiis
271 687 400 740 maximis
410 687 530 755 obligat-i
542 681 644 754 sumu's,
654 687 777 756 proximi
786 688 868 740 liberi
879 692 996 757 totaque

157 761 265 836 do'mus,
280 783 350 836 quae
368 771 476 836 spectat
492 767 523 818 in
540 783 592 819 nos
611 768 685 819 solos
703 782 794 834 neque
813 767 892 820 aliud
907 770 996 820 ullum

156 853 251 918 potest
265 847 368 900 habere
382 846 550 916 perfugium,
564 846 699 915 deinceps
715 847 785 900 bene
801 847 997 906 convenientes

156 927 316 998 propinqui,
336 928 504 996 quibuscum
526 927 680 980 communis
702 927 786 980 etiam
807 927 920 981 fortuna
939 929 998 998 ple-

157 1025 274 1077 rumque
289 1012 339 1061 est.
380 1009 471 1074 Quam
484 1008 591 1060 obrem
606 1007 759 1060 necessaria
770 1005 911 1078 praesidia
924 1009 998 1063 vitae

158 1087 348 1140 debenturiis
366 1087 496 1154 maxime,
511 1103 582 1154 quos
596 1092 660 1140 ante
676 1087 745 1153 dixi,
759 1090 818 1140 vita
833 1095 927 1141 autem
942 1089 998 1142 vic-

157 1171 258 1235 tusque
282 1167 446 1234 communic,
467 1165 593 1233 consilia,
614 1183 763 1234 sermon-es,
782 1169 997 1236 cohortationes,

159 1247 369 1315 consolationes,
383 1247 525 1300 interdum
540 1247 627 1302 ctiam.
638 1247 847 1315 abiurgationes
861 1249 891 1300 in
906 1249 999 1300 amici-

159 1327 207 1380 tiis
221 1327 320 1396 vigent
338 1327 467 1394 maxIme,
481 1332 577 1394 estque
596 1342 629 1378 ca
646 1327 849 1380 iucundissima
866 1329 999 1397 amicitia,

160 1423 243 1475 quam
256 1407 414 1461 similitudo
426 1422 535 1458 morum
548 1405 719 1474 coniugavit.

195 1487 300 1542 XVIII.
326 1489 368 1540 59.
390 1487 445 1539 Sed
464 1485 494 1537 in
512 1485 557 1538 his
575 1486 715 1540 omnibus.
726 1484 825 1538 officiis
842 1486 1001 1540 tribuendis

159 1565 316 1620 videndum
328 1566 381 1618 erit
393 1566 463 1634 quid
476 1567 578 1634 cuique
589 1565 710 1622 maxime
721 1581 832 1618 necesse
845 1565 881 1619 sit
891 1569 919 1618 et
932 1567 1001 1635 quid

161 1647 278 1715 quisque
288 1647 333 1700 vel
348 1645 501 1699 sine-nobis
514 1652 562 1700 aut
571 1645 803 1715 possitconsequi
815 1651 928 1699 autnon
938 1663 1001 1716 pos

161 1727 207 1780 sit.
244 1727 289 1779 Ita
303 1743 360 1778 non
374 1726 462 1778 iidem
480 1729 560 1778 erunt
575 1725 811 1780 necessitudinum
830 1727 934 1796 gradus
952 1728 1001 1796 qui

161 1812 328 1877 temporum,
339 1812 459 1876 suntque
471 1807 570 1866 officia.
580 1823 651 1874 quae
663 1807 726 1860 aliis
740 1807 830 1876 magis
842 1823 927 1876 quam
939 1809 1001 1861 aliis

162 1889 324 1956 debeantur,
335 1893 367 1940 ut
376 1887 500 1941 vicinum
513 1887 596 1940 citius
606 1886 746 1940 adiuveris
755 1887 786 1938 in
795 1886 931 1942 fructibus
941 1905 1001 1958 per·
1067 1889 1068 1893 ’

162 1968 301 2037 cipiendis
314 1984 398 2036 quam
411 1973 459 2022 aut
472 1968 586 2020 fratrem
598 1973 647 2020 aut
656 1967 830 2036 familiarem,
840 1974 877 2037 at,
888 1970 912 2021 si
924 1969 1001 2022 lisia

161 2048 269 2102 iudicio
286 2049 331 2116 sit,
343 2047 532 2118 propinquum
547 2048 642 2116 potius
657 2052 685 2102 et
700 2047 820 2100 amicum
835 2043 920 2116 quam
934 2049 1001 2102 vici-

161 2144 231 2182 num
244 2128 412 2182 defenderis.
440 2129 517 2180 Haec
529 2127 618 2196 igitur
630 2131 658 2178 et
670 2127 738 2179 talla
751 2127 1001 2196 circumspicienda

162 2213 228 2261 sunt
243 2207 273 2260 in
288 2208 365 2260 omni
379 2207 471 2261 officio
487 2211 516 2260 et
530 2207 703 2260 consuetudo
721 2207 940 2276 exercitatioque
958 2225 1001 2260 ca·

161 2287 275 2358 pienda,
283 2291 316 2338 ut
329 2287 396 2340 boni
407 2286 618 2340 ratiocinatores
630 2285 784 2338 officiorum
797 2301 855 2338 esse
864 2288 1001 2354 possImus

162 2375 192 2420 et
204 2366 338 2420 addendo
353 2367 576 2435 deducendoque
588 2365 684 2418 videre
699 2381 769 2433 quae
782 2365 883 2434 reliqui
895 2383 1002 2420 summa

162 2448 227 2502 fiat:
246 2463 281 2500 ex
294 2463 349 2515 quo
362 2451 497 2515 quantum
510 2446 611 2514 cuique
623 2446 758 2499 debeatur
767 2445 922 2514 intellegas.
953 2447 995 2499 60.

164 2527 220 2580 Sed
229 2532 262 2580 ut
273 2543 325 2580 nec
339 2526 443 2580 medici
451 2515 502 2580 nec
511 2527 692 2596 imperatores
703 2540 755 2578 nec
768 2530 896 2594 oratores,
907 2543 1001 2594 quam·

163 2607 207 2660 vis
217 2607 284 2660 artis
293 2613 443 2676 praecepta
451 2607 635 2677 perceperint,
645 2606 798 2676 quidquam
808 2621 910 2675 magna
918 2608 1001 2660 laude

165 2687 284 2757 dignum
298 2689 356 2742 sine
368 2705 421 2742 usu
434 2695 462 2742 et
474 2688 670 2742 exercitatione
682 2686 815 2756 consequi
827 2692 952 2756 possunt,
963 2688 1002 2740 sic

164 2768 249 2822 officii
261 2768 445 2822 conservandi
457 2774 604 2838 praecepta
616 2769 765 2821 traduntur
776 2769 825 2820 illa
837 2768 959 2836 quidem,
970 2774 1003 2820 ut

164 2849 283 2902 facimus
296 2848 359 2918 ipsi,
372 2850 422 2902 sed
437 2848 477 2901 rei
493 2848 660 2917 magnitudo
674 2864 755 2900 usum
770 2864 882 2916 quoque
900 2847 1003 2900 exeret-¹

165 2929 355 2997 tationemque
368 2928 518 2982 desiderat.
548 2929 643 2995 Atque
658 2929 694 2980 ab
706 2928 742 2980 iis
753 2929 844 2996 rebus,
855 2943 926 2996 quae
938 2931 1003 2978 sunt

165 3005 1003 3076 iniuresocietatishumanue,quemadmodumducaturho-

164 3092 284 3162 nestum,
294 3103 329 3140 ex
342 3103 398 3155 quo
410 3093 508 3156 aptum
521 3092 562 3140 est
575 3085 783 3154 officium,.sutis
794 3085 850 3136 fere
863 3083 994 3135 dix-imus.
