2272 3442
162 132 193 182 to
474 129 523 176 DE
540 127 692 177 OFFlCllS

161 215 277 284 perfuga
287 214 395 268 senatui
405 218 446 266 est
455 212 598 282 pollicitus
608 229 636 265 se
646 228 784 264 venenum
796 211 857 280 regi
870 213 1002 265 elaturum

161 300 189 347 ct
208 312 271 348 eum
289 298 459 360 necaturum,
476 298 586 345 senatus
605 298 634 344 et
645 294 681 346 Ὀ.
695 292 841 345 Fabricius
855 292 1002 363 perfirgam

161 377 269 443 Pyrrho
285 374 407 428 dedidit.
444 374 488 426 Ita
503 389 538 425 111
553 372 643 424 hostis
662 373 777 440 quidem
793 379 821 425 et
835 373 959 442 potentis
973 381 1018 426 etv

161 457 266 508 bellum
284 456 358 506 ultro
376 453 520 506 inferentis
538 452 682 505 interitum
701 469 765 505 cum
783 455 884 506 scelere
903 471 1001 523 appro-

161 535 259 604 bavit]
291 536 334 588 41.
348 534 390 586 Ac
404 534 439 586 de
452 532 560 586 bellicis
573 532 688 600 quidem
701 531 800 586 officiis
812 533 880 585 satis
893 533 1001 586 (lictum

160 621 210 668 est.
247 615 455 668 Meminerimus
470 619 563 666 autem
578 613 662 665 etiam
677 613 809 665 adversus
823 613 933 666 infimos
947 613 1001 665 ius-

131 721 135 728 ·
160 695 253 749 titiam
265 713 324 750 esse
340 695 511 750 seruandam.
549 695 601 746 Est
613 698 706 745 autem
720 693 816 746 infima
831 693 960 746 condicio
973 699 1001 746 et

160 775 271 828 fortuna
283 793 431 843 servorum,
444 774 546 842 quibus
559 789 615 825 non
627 774 700 826 male
711 773 888 842 praecipiunt
900 773 949 841 qui
961 773 1001 825 ita

159 856 259 909 iubent
277 857 319 909 uti
338 862 370 908 ut
388 853 583 908 mercenariis:
605 869 718 923 operam
736 853 912 922 exigendam,
927 853 1017 922 iusta¹

160 938 328 1003 praebenda.
364 938 435 988 Cum
450 940 542 987 autem
557 933 668 986 duobus
685 931 830 1002 modis,'id
845 938 955 1003 estant
971 934 1001 986 vi

160 1023 209 1067 aut
222 1015 320 1068 fraude
335 1017 384 1068 fiat
398 1015 507 1083 iniuria,
519 1013 595 1068 fraus
611 1013 691 1082 quasi
705 1015 876 1084 vulpeculae,
888 1015 931 1068 vis
945 1015 1000 1067 leo·

160 1095 204 1145 nis
214 1095 342 1148 videtur:
361 1099 510 1164 utrumque
522 1091 636 1156 homine
649 1094 856 1163 alienissimum,
867 1095 917 1147 sed
925 1093 1000 1146 fraus

160 1175 228 1228 odio
241 1175 329 1244 digna
341 1176 451 1230 maiore.
480 1175 579 1228 Totius
592 1179 685 1228 autem
702 1174 855 1227 iniustitiae
868 1175 946 1227 nulla
957 1191 999 1226 ca-

159 1255 274 1323 pitulior
291 1271 375 1323 quam
394 1272 496 1324 eorum,
512 1255 561 1324 qui
578 1260 647 1322 tum,
664 1270 728 1306 cum
748 1253 869 1306 maxime
890 1253 999 1322 fallunt,

160 1337 192 1388 id
205 1341 294 1406 agunt
306 1341 338 1388 ut
351 1336 405 1389 viri
417 1337 486 1390 boni
498 1353 556 1389 esse
568 1336 722 1390 videantur.
735 1383 738 1386 .
759 1335 802 1386 De
815 1335 923 1387 iustitia
934 1335 1000 1388 satis

162 1417 331 1472 dictumest.

196 1499 272 1552 XIV.
297 1500 346 1552 42:
357 1499 503 1568 Deinceps,
520 1502 553 1550 ut
571 1497 830 1567 eratpropositum,
847 1496 1000 1548 (1111111111-

160 1579 252 1631 centia
267 1595 299 1630 ac
315 1579 350 1630 de
362 1579 534 1636 liberalitate,
546 1578 663 1646 dicatur,
674 1593 730 1644 qua
743 1576 858 1644 quidem
874 1575 946 1627 nihil
959 1581 1000 1628 est

161 1665 277 1712 naturae
287 1659 408 1710 hominis
418 1659 663 1726 accommodatius,
674 1657 722 1710 scd
732 1658 817 1710 habet
826 1659 928 1709 multas
938 1673 1001 1709 cau-

161 1739 259 1792 tiones.
291 1739 453 1792 Videndum
466 1743 507 1791 est
519 1739 601 1806 enim,
611 1739 732 1808 primum
743 1755 778 1790 ne
791 1737 864 1791 obsit
873 1737 1000 1806 benigni-

160 1824 203 1870 tas
223 1824 250 1870 et
268 1818 303 1870 iis
321 1818 396 1886 ipsis,
413 1819 514 1886 quibus
530 1818 652 1888 benigue
670 1819 814 1873 videbitur
831 1818 901 1886 fieri,
912 1823 940 1870 et
958 1833 1000 1870 ce·

159 1897 235 1966 teris,
249 1897 351 1950 deinde
367 1914 402 1950 ne
417 1899 506 1950 maior
520 1899 679 1968 benignitas
695 1899 732 1951 sit
748 1915 831 1967 quam
845 1898 999 1966 facultates,

159 1985 220 2029 tum
238 1981 270 2030 ut
289 1994 340 2046 pro
359 1978 498 2046 dignitate
514 1979 614 2047 cuique
629 1979 775 2033 tribuatur.
813 1980 848 2032 Id
866 1979 940 2031 enirn
958 1983 1000 2030 est

160 2057 283 2110 iustitiae
302 2055 522 2128 fundamentum,
537 2061 574 2112 ad
590 2063 673 2126 quam
691 2060 760 2112 haec
778 2059 921 2112 referenda
935 2064 1000 2110 sunt

160 2139 261 2192 omnia.
299 2139 373 2192 Nam
388 2145 416 2192 et
429 2139 478 2208 qui
490 2139 683 2208 gratificantur
698 2139 820 2208 cuipiam
836 2140 913 2206 quod
926 2139 1000 2191 obsit

159 2218 210 2286 illi,
224 2219 270 2272 cui
288 2219 420 2289 prodesse
438 2221 510 2273 velle
528 2219 685 2286 videantur,
699 2236 757 2271 non
774 2219 892 2272 benefici
909 2235 1000 2286 neque

160 2299 295 2368 liberales,
306 2301 355 2353 secl
367 2299 515 2369 perniciosi
531 2301 721 2353 adsentatores
736 2299 884 2352 iudicandi
896 2304 1001 2351 suntet

160 2380 208 2446 qui
228 2381 291 2433 aliis
310 2385 420 2448 nocent,
435 2385 468 2432 ut
487 2375 607 2432 in'alios
625 2380 754 2432 liberales
773 2379 837 2447 sint,
853 2379 883 2430 in
903 2379 1000 2430 eadem

159 2465 223 2512 sunt
241 2461 388 2528 iniustitia,
404 2465 436 2512 ut
454 2460 478 2511 si
496 2461 526 2512 in
545 2476 623 2512 suam
642 2476 700 2511 rem
718 2459 809 2512 aliena
827 2463 998 2512 convertant

158 2543 201 2593 43.
219 2541 288 2592 Sunt
303 2546 397 2593 autem
411 2540 493 2592 multi
509 2544 537 2592 et
553 2540 667 2607 quidem
683 2539 782 2608 cupidi
796 2539 955 2608 splendoris
970 2545 1000 2591 et

158 2618 273 2687 gloriae,
287 2619 336 2686 qui
350 2618 479 2687 eripiunt*
493 2619 555 2671 aliis
574 2620 652 2686 quod
671 2619 733 2671 aliis
748 2619 910 2688 largiantur,
923 2618 1000 2685 iique

158 2698 329 2750 arbitrantur
347 2715 375 2750 se
394 2699 530 2751 beneficos
550 2699 580 2751 in
601 2715 665 2752 suos
687 2699 791 2752 amicos
809 2699 901 2753 visum
918 2698 960 2765 iri,
976 2698 1001 2750 si

158 2780 334 2847 locupletent
344 2796 390 2831 eos
403 2795 578 2847 quacumque
591 2781 706 2832 rationc'.
737 2779 773 2832 Id
785 2783 878 2832 autem
890 2783 1001 2830 tantum

158 2859 237 2911 abest
251 2858 286 2909 ab
302 2857 401 2926 offici0,
414 2864 447 2910 ut
461 2859 533 2911 nihil
548 2859 638 2929 magis
653 2857 746 2912 officio
761 2859 849 2927 possit
864 2874 920 2911 esse
936 2873 1000 2910 con-

158 2939 281 2990 trarium.
319 2938 481 2992 Videndum
500 2946 541 2992 est
556 2939 645 3008 igitur
659 2944 692 2990 ut
706 2955 739 2991 ea
754 2938 922 2990 liberalitate
940 2943 1001 2990 uta-

158 3036 227 3086 mur,
245 3035 316 3086 quae
335 3018 424 3088 prosit
445 3019 667 3086 amicisnoceat
685 3019 798 3072 nemini.
837 3019 898 3084 Qua
919 3035 948 3070 re
968 3019 999 3072 L.

160 3100 252 3152 Sullae
272 3100 301 3152 G.
316 3098 439 3151 Caesaris
453 3099 637 3167 pecuniarum
652 3097 799 3151 translatio
819 3115 835 3149 a
850 3097 932 3150 iustis
951 3098 1001 3150 do-
