2256 3448
133 105 181 152 rar
331 72 333 78 ’
444 101 494 151 nn
508 99 662 152 orrrcus

132 187 266 256 deinceps
287 201 316 239 se
338 184 449 254 scripsit
471 185 614 238 dicturum
632 201 685 238 nec
706 183 827 238 exsolvit
843 185 884 253 id,
897 185 980 255 quod

131 267 303 337 promiserat.
341 267 365 320 8.
382 266 465 332 Quod
478 282 511 318 oo
524 265 615 337 magis
627 265 719 335 miror,
730 265 797 334 qnia
809 265 947 335 scriptum
960 285 981 321 a

131 346 272 415 discipulo
284 345 344 398 eius
358 345 513 398 Posidonio
528 351 577 413 est,
587 345 705 415 triginta
716 345 797 398 annis
808 345 912 400 vixisse
925 348 980 400 Pa-

131 427 255 481 naetium
268 431 462 496 posteaquam
476 426 541 479 illos
556 427 642 480 libros
656 427 799 481 edidisset.
834 428 924 495 Quem
937 429 979 481 lo·

131 524 195 561 cum
211 507 297 560 miror
316 524 334 560 a
352 506 507 560 Posidonio
525 507 647 560 breviter
666 523 725 560 esse
744 512 853 561 tactum
868 507 899 560 in
915 509 979 577 qui·

131 588 251 642 busdam
266 587 479 655 commentariis,
490 587 652 656 praesertim
667 603 732 640 cum
747 587 852 640 scribat
865 589 978 642 nullum

130 684 190 721 csse
205 669 300 721 locum
318 668 349 720 in
363 673 424 720 tota
441 667 622 737 philosophia
639 671 698 720 taur
718 667 912 722 necessarium.
950 671 977 723 9.
1048 724 1051 728 ,

130 749 247 802 Minime
265 764 332 800 vero
351 747 495 801 adsentior
513 747 556 814 iis,
569 747 619 816 qui
637 753 743 817 negant
764 765 827 801 cum
847 749 941 801 locum
959 766 978 802 a.

103 897 105 900 Ι
130 828 264 882 Panaetio
273 827 505 897 praetermissum,
516 829 567 882 sed
577 829 705 882 consulto
715 828 845 881 relictum
856 845 908 881 ncc
917 845 977 881 om-

129 909 198 962 nino
213 909 393 961 scribendum
406 906 499 976 fuisse,
511 907 577 976 quia
590 923 744 976 numquam
759 913 853 978 posset
865 909 978 962 utilitas

130 1004 194 1041 eum
213 989 358 1041 honestate
376 1003 510 1057 pugnare.
547 990 591 1042 De
605 1005 662 1057 quo
680 990 798 1042 alterum
816 993 910 1058 potest
926 990 977 1043 lra-

130 1069 195 1121 bere
214 1066 429 1133 dubitationem,
447 1067 677 1122 adhibendumne
696 1069 781 1122 fuerit
800 1070 855 1122 hoc
876 1085 975 1139 genus,

130 1148 208 1217 quod
219 1147 250 1200 iu
262 1147 402 1200 divisione
414 1147 542 1201 Panaetii
557 1148 672 1202 tertium
688 1154 737 1217 est,
748 1166 785 1202 an
797 1151 880 1226 plane
893 1149 976 1202 omit-

129 1229 254 1297 tendum,
267 1229 386 1281 alterum
401 1227 527 1281 dubitari
541 1244 599 1281 non
613 1234 707 1298 potest
722 1230 791 1298 quin
806 1247 823 1283 a
838 1230 975 1283 Panaetio

129 1313 291 1380 susceptum
303 1308 347 1377 sit,
357 1308 406 1362 scd
420 1308 556 1362 relictum.
594 1310 669 1362 Nam
682 1310 731 1379 qui
744 1327 759 1362 e
772 1309 912 1363 divisione
925 1311 975 1363 tri-

129 1391 232 1459 pertita
245 1392 315 1445 duas
327 1393 423 1458 partes
436 1388 594 1456 absolverit,
606 1389 674 1442 lruio
689 1406 801 1443 neccsse
816 1395 858 1444 est
870 1396 975 1444 restare

129 1471 248 1524 tertiam.
285 1471 432 1523 Praeterea
455 1468 485 1520 in
509 1474 634 1522 extremo
658 1470 731 1522 libro
754 1471 837 1524 tertio
861 1471 897 1524 de
919 1473 974 1524 hac

128 1557 208 1620 parte
220 1551 370 1621 pollicetur
381 1566 410 1602 se
422 1549 556 1618 deinceps
571 1565 629 1620 esse
642 1550 791 1606 dicturum.
827 1553 868 1604 10.
886 1553 974 1605 Acoe-

129 1633 173 1685 dit
186 1630 375 1686 codesm'testis
388 1631 512 1699 locuples
525 1630 704 1699 Posidonius
715 1633 764 1701 qui
777 1632 862 1685 etiam
874 1633 974 1687 scribit

128 1713 159 1765 in
174 1714 296 1781 quadam
311 1712 431 1782 epistola
445 1712 476 1764 P.
491 1711 631 1764 Rutilium
645 1713 750 1765 Rufum
765 1713 858 1767 dicere
876 1717 973 1783 solere,

128 1792 179 1861 qui
191 1791 355 1844 Panaetium
369 1791 504 1859 audierat,
516 1793 531 1821 ‘⁴
540 1796 573 1844 ut
588 1808 669 1844 nemo
684 1793 777 1862 pictor
791 1799 864 1848 esset
876 1795 973 1858 iniven-

48 1892 52 1902 =
128 1878 182 1941 tus,
195 1872 244 1941 qui
258 1871 289 1924 in
304 1872 362 1928 Ooa
373 1871 481 1926 Venere
499 1888 561 1924 earn
576 1880 691 1941 partem,
705 1890 790 1942 quam
802 1875 917 1945 Apelles
932 1875 973 1928 in-

128 1953 258 2006 choatam
278 1950 445 2020 reliquisset,
458 1951 731 2006 absolveret”-oris
752 1953 827 2008 enim
848 1955 973 2025 pulchri·

128 2035 200 2088 tudo
219 2032 320 2102 reliqui
339 2031 463 2101 corporis
480 2031 613 2086 imitandi
630 2049 709 2104 spem
727 2034 972 2090 auferebat—“sic

128 2131 168 2182 aa,
182 2131 254 2183 quae
272 2113 423 2167 Panaetius
437 2113 668 2182 praetermisisset
684 2119 715 2168 et
728 2131 786 2168 non
800 2115 971 2185 perfecisset,

128 2201 243 2266 propter
251 2211 355 2262 eorum,
364 2209 435 2262 quae
445 2192 612 2264 perfecisset,
622 2196 822 2266 praestantiam
831 2197 972 2250 neminem

128 2293 187 2330 esse
200 2276 402 2347 persecutum.''

163 2359 214 2413 III.
245 2359 287 2412 11.
303 2355 515 2424 Quamobrem
530 2356 566 2410 de
580 2355 688 2410 iudicio
703 2357 831 2412 Panaetii
846 2358 971 2412 dubitari

127 2455 185 2490 non
196 2442 297 2508 potest,
308 2443 418 2490 rectene
431 2441 525 2490 autem
540 2438 613 2490 hane
628 2437 740 2491 tertiam
752 2443 861 2509 partem
875 2439 911 2492 ad
924 2455 971 2492 ex-

128 2518 296 2587 quirendum
309 2517 432 2570 officium
445 2517 605 2570 adiunxerit
617 2535 653 2570 an
666 2533 753 2587 secus,
764 2521 800 2572 de
811 2536 845 2572 eo
854 2519 971 2574 fortasse

128 2600 267 2668 disputari
281 2603 382 2668 potest.
420 2599 494 2652 Nam
513 2599 571 2653 sive
589 2593 739 2652 honestum
757 2601 848 2654 solum
863 2601 971 2655 bonum

128 2684 178 2746 est,
190 2683 223 2731 ut
241 2678 342 2732 Stoicis
360 2681 461 2749 placet,
476 2679 542 2747 sivo,
556 2679 634 2748 quod
652 2680 800 2733 honestum
819 2685 869 2749 est,
882 2681 912 2733 id
928 2681 971 2735 ita

128 2773 266 2814 summum
285 2759 389 2811 bonum
412 2763 461 2828 est,
475 2774 558 2827 quem
580 2761 617 2812 ad
639 2761 754 2814 modum
775 2751 970 2831 Peripateticis

127 2838 228 2892 vestris
239 2838 360 2906 videtur,
370 2843 402 2891 ut
417 2839 511 2892 omnia
527 2856 561 2892 ex
577 2841 663 2893 altera
679 2847 757 2910 parte
770 2844 907 2896 collocata
919 2843 969 2897 rix

127 2919 237 2972 minimi
250 2918 386 2972 momenti
403 2918 491 2970 instar
508 2919 638 2988 habeant,
649 2921 840 2974 dubitandum
854 2939 911 2975 non
927 2928 970 2978 est

127 3001 196 3066 quin
210 3013 363 3066 numquam
380 2996 469 3065 possit
485 2997 592 3050 utilitas
611 3015 675 3053 cum
693 3001 839 3056 honestate
856 3007 969 3056 eonten-

127 3079 200 3133 derc.
237 3081 337 3147 Itaque
359 3075 518 3144 accepimus
541 3079 681 3133 Socratem
700 3083 836 3136 exsecrari
854 3083 970 3139 solitum
