<?xml version="1.0" encoding="UTF-8"?>
<!DOCTYPE html PUBLIC "-//W3C//DTD XHTML 1.0 Transitional//EN"
    "http://www.w3.org/TR/xhtml1/DTD/xhtml1-transitional.dtd">
<html xmlns="http://www.w3.org/1999/xhtml" xml:lang="en" lang="en">
 <head>
  <title>
</title>
<meta http-equiv="Content-Type" content="text/html;charset=utf-8" />
  <meta name='ocr-system' content='tesseract 3.04.00' />
  <meta name='ocr-capabilities' content='ocr_page ocr_carea ocr_par ocr_line ocrx_word'/>
</head>
<body>
  <div class='ocr_page' id='page_1' title='image "./mtulliiciceroni01longgoog_0098.png"; bbox 0 0 2272 3442; ppageno 0'>
   <div class='ocr_carea' id='block_1_1' title="bbox 291 141 1002 204">
    <p class='ocr_par' dir='ltr' id='par_1_1' title="bbox 291 141 1002 204">
     <span class='ocr_line' id='line_1_1' title="bbox 291 141 1002 204; baseline 0.003 -14"><span class='ocrx_word' id='word_1_1' title='bbox 291 143 358 191; x_wconf 84' lang='lat' dir='ltr'><strong>nra.</strong></span> <span class='ocrx_word' id='word_1_2' title='bbox 373 144 406 203; x_wconf 67' lang='lat'><strong>1„</strong></span> <span class='ocrx_word' id='word_1_3' title='bbox 424 142 729 204; x_wconf 76' lang='lat' dir='ltr'><strong>onr.xx1.-xx111.‚</strong></span> <span class='ocrx_word' id='word_1_4' title='bbox 747 141 761 201; x_wconf 69' lang='lat' dir='ltr'><strong>a</strong></span> <span class='ocrx_word' id='word_1_5' title='bbox 780 145 867 192; x_wconf 82' lang='lat' dir='ltr'><strong>ra-ra.</strong></span> <span class='ocrx_word' id='word_1_6' title='bbox 968 145 1002 192; x_wconf 81' lang='lat' dir='ltr'><strong>ar</strong></span> 
     </span>
    </p>
   </div>
   <div class='ocr_carea' id='block_1_2' title="bbox 160 225 1007 1258">
    <p class='ocr_par' dir='ltr' id='par_1_2' title="bbox 160 225 1007 1258">
     <span class='ocr_line' id='line_1_2' title="bbox 160 225 1003 295; baseline -0.001 -17"><span class='ocrx_word' id='word_1_7' title='bbox 160 225 237 294; x_wconf 88' lang='lat' dir='ltr'><strong>ipsas</strong></span> <span class='ocrx_word' id='word_1_8' title='bbox 249 241 345 280; x_wconf 83' lang='lat' dir='ltr'>causas</span> <span class='ocrx_word' id='word_1_9' title='bbox 358 233 386 278; x_wconf 87' lang='lat' dir='ltr'><strong>et</strong></span> <span class='ocrx_word' id='word_1_10' title='bbox 397 225 571 295; x_wconf 85' lang='lat' dir='ltr'><strong>parentiores</strong></span> <span class='ocrx_word' id='word_1_11' title='bbox 583 225 743 278; x_wconf 89' lang='lat' dir='ltr'><strong>habuerunt</strong></span> <span class='ocrx_word' id='word_1_12' title='bbox 755 226 894 279; x_wconf 87' lang='lat' dir='ltr'><strong>exercitus</strong></span> <span class='ocrx_word' id='word_1_13' title='bbox 902 231 938 278; x_wconf 73' lang='lat' dir='ltr'><strong>‘et</strong></span> <span class='ocrx_word' id='word_1_14' title='bbox 950 225 1003 278; x_wconf 87' lang='lat' dir='ltr'><strong>for·</strong></span> 
     </span>
     <span class='ocr_line' id='line_1_3' title="bbox 161 305 1003 375; baseline 0.001 -17"><span class='ocrx_word' id='word_1_15' title='bbox 161 307 253 360; x_wconf 89' lang='lat' dir='ltr'><strong>tiores.</strong></span> <span class='ocrx_word' id='word_1_16' title='bbox 290 305 362 358; x_wconf 88' lang='lat' dir='ltr'>Mihi</span> <span class='ocrx_word' id='word_1_17' title='bbox 380 306 495 374; x_wconf 91' lang='lat' dir='ltr'><strong>quidem</strong></span> <span class='ocrx_word' id='word_1_18' title='bbox 512 322 603 373; x_wconf 87' lang='lat' dir='ltr'><strong>noque</strong></span> <span class='ocrx_word' id='word_1_19' title='bbox 621 307 716 375; x_wconf 89' lang='lat' dir='ltr'><strong>pueris</strong></span> <span class='ocrx_word' id='word_1_20' title='bbox 728 307 816 359; x_wconf 88' lang='lat' dir='ltr'><strong>nobis</strong></span> <span class='ocrx_word' id='word_1_21' title='bbox 832 309 869 360; x_wconf 93' lang='lat' dir='ltr'><strong>M.</strong></span> <span class='ocrx_word' id='word_1_22' title='bbox 885 308 1003 360; x_wconf 80' lang='lat' dir='ltr'><strong>Scaurus</strong></span> 
     </span>
     <span class='ocr_line' id='line_1_4' title="bbox 162 383 1004 456; baseline 0.004 -18"><span class='ocrx_word' id='word_1_23' title='bbox 162 387 192 440; x_wconf 84' lang='lat' dir='ltr'><strong>O.</strong></span> <span class='ocrx_word' id='word_1_24' title='bbox 203 385 291 440; x_wconf 87' lang='lat' dir='ltr'><strong>Mario</strong></span> <span class='ocrx_word' id='word_1_25' title='bbox 307 403 404 455; x_wconf 76' lang='lat' dir='ltr'><strong>neque,</strong></span> <span class='ocrx_word' id='word_1_26' title='bbox 418 403 482 439; x_wconf 92' lang='lat' dir='ltr'><strong>cum</strong></span> <span class='ocrx_word' id='word_1_27' title='bbox 498 403 669 439; x_wconf 82' lang='lat' dir='ltr'><strong>versaremur</strong></span> <span class='ocrx_word' id='word_1_28' title='bbox 684 387 715 439; x_wconf 90' lang='lat' dir='ltr'><strong>in</strong></span> <span class='ocrx_word' id='word_1_29' title='bbox 732 403 761 440; x_wconf 93' lang='lat' dir='ltr'><strong>re</strong></span> <span class='ocrx_word' id='word_1_30' title='bbox 777 383 899 456; x_wconf 87' lang='lat' dir='ltr'><strong>publica,</strong></span> <span class='ocrx_word' id='word_1_31' title='bbox 911 389 942 454; x_wconf 77' lang='lat' dir='ltr'><strong>Q.</strong></span> <span class='ocrx_word' id='word_1_32' title='bbox 954 389 1004 441; x_wconf 81' lang='lat' dir='ltr'><strong>Oa·</strong></span> 
     </span>
     <span class='ocr_line' id='line_1_5' title="bbox 161 467 1005 536; baseline 0.005 -18"><span class='ocrx_word' id='word_1_33' title='bbox 161 468 237 519; x_wconf 88' lang='lat' dir='ltr'><strong>tulus</strong></span> <span class='ocrx_word' id='word_1_34' title='bbox 249 467 298 520; x_wconf 85' lang='lat' dir='ltr'><strong>On.</strong></span> <span class='ocrx_word' id='word_1_35' title='bbox 307 467 442 536; x_wconf 88' lang='lat' dir='ltr'><strong>Pompeio</strong></span> <span class='ocrx_word' id='word_1_36' title='bbox 455 467 554 520; x_wconf 81' lang='lat' dir='ltr'>cedere</span> <span class='ocrx_word' id='word_1_37' title='bbox 567 468 722 520; x_wconf 88' lang='lat' dir='ltr'><strong>videbatur.</strong></span> <span class='ocrx_word' id='word_1_38' title='bbox 753 469 839 522; x_wconf 84' lang='lat' dir='ltr'><strong>Parvi</strong></span> <span class='ocrx_word' id='word_1_39' title='bbox 851 469 926 521; x_wconf 90' lang='lat' dir='ltr'><strong>enim</strong></span> <span class='ocrx_word' id='word_1_40' title='bbox 939 473 1005 522; x_wconf 87' lang='lat' dir='ltr'><strong>sunt</strong></span> 
     </span>
     <span class='ocr_line' id='line_1_6' title="bbox 161 546 1005 618; baseline 0.006 -20"><span class='ocrx_word' id='word_1_41' title='bbox 161 546 230 600; x_wconf 86' lang='lat' dir='ltr'><strong>foris</strong></span> <span class='ocrx_word' id='word_1_42' title='bbox 244 547 395 614; x_wconf 72' lang='lat' dir='ltr'><strong>maranisi</strong></span> <span class='ocrx_word' id='word_1_43' title='bbox 409 551 452 599; x_wconf 90' lang='lat' dir='ltr'><strong>est</strong></span> <span class='ocrx_word' id='word_1_44' title='bbox 464 547 613 600; x_wconf 85' lang='lat' dir='ltr'><strong>consilinm</strong></span> <span class='ocrx_word' id='word_1_45' title='bbox 627 547 713 601; x_wconf 91' lang='lat' dir='ltr'><strong>domi.</strong></span> <span class='ocrx_word' id='word_1_46' title='bbox 750 549 810 601; x_wconf 87' lang='lat' dir='ltr'><strong>Nec</strong></span> <span class='ocrx_word' id='word_1_47' title='bbox 822 550 887 618; x_wconf 89' lang='lat' dir='ltr'><strong>plus</strong></span> <span class='ocrx_word' id='word_1_48' title='bbox 899 549 1005 604; x_wconf 79' lang='lat' dir='ltr'><strong>Africa·</strong></span> 
     </span>
     <span class='ocr_line' id='line_1_7' title="bbox 162 627 1005 696; baseline 0.007 -18"><span class='ocrx_word' id='word_1_49' title='bbox 162 643 223 693; x_wconf 79' lang='lat' dir='ltr'><strong>nne,</strong></span> <span class='ocrx_word' id='word_1_50' title='bbox 237 627 387 696; x_wconf 86' lang='lat' dir='ltr'><strong>singularis</strong></span> <span class='ocrx_word' id='word_1_51' title='bbox 405 631 433 680; x_wconf 90' lang='lat' dir='ltr'><strong>et</strong></span> <span class='ocrx_word' id='word_1_52' title='bbox 448 627 491 679; x_wconf 86' lang='lat' dir='ltr'><strong>vir</strong></span> <span class='ocrx_word' id='word_1_53' title='bbox 510 632 538 680; x_wconf 91' lang='lat' dir='ltr'><strong>et</strong></span> <span class='ocrx_word' id='word_1_54' title='bbox 552 627 712 696; x_wconf 84' lang='lat' dir='ltr'><strong>imperator,</strong></span> <span class='ocrx_word' id='word_1_55' title='bbox 725 627 756 680; x_wconf 90' lang='lat' dir='ltr'><strong>in</strong></span> <span class='ocrx_word' id='word_1_56' title='bbox 774 629 932 692; x_wconf 83' lang='lat' dir='ltr'><strong>excidenda</strong></span> <span class='ocrx_word' id='word_1_57' title='bbox 946 632 1005 684; x_wconf 87' lang='lat' dir='ltr'><strong>Nu-</strong></span> 
     </span>
     <span class='ocr_line' id='line_1_8' title="bbox 162 706 1004 778; baseline 0.006 -20"><span class='ocrx_word' id='word_1_58' title='bbox 162 706 269 760; x_wconf 78' lang='lat' dir='ltr'><strong>mantia</strong></span> <span class='ocrx_word' id='word_1_59' title='bbox 284 706 469 777; x_wconf 88' lang='lat' dir='ltr'><strong>reipublicae</strong></span> <span class='ocrx_word' id='word_1_60' title='bbox 487 707 594 776; x_wconf 85' lang='lat' dir='ltr'><strong>profuit</strong></span> <span class='ocrx_word' id='word_1_61' title='bbox 609 723 694 776; x_wconf 86' lang='lat' dir='ltr'><strong>quam</strong></span> <span class='ocrx_word' id='word_1_62' title='bbox 713 708 812 760; x_wconf 91' lang='lat' dir='ltr'><strong>eodem</strong></span> <span class='ocrx_word' id='word_1_63' title='bbox 831 713 956 778; x_wconf 86' lang='lat' dir='ltr'><strong>tempore</strong></span> <span class='ocrx_word' id='word_1_64' title='bbox 972 713 1004 764; x_wconf 90' lang='lat' dir='ltr'><strong>P.</strong></span> 
     </span>
     <span class='ocr_line' id='line_1_9' title="bbox 163 787 1006 855; baseline 0.001 -15"><span class='ocrx_word' id='word_1_65' title='bbox 163 787 266 842; x_wconf 83' lang='lat' dir='ltr'><strong>Nasica</strong></span> <span class='ocrx_word' id='word_1_66' title='bbox 278 787 411 855; x_wconf 79' lang='lat' dir='ltr'><strong>privatae,</strong></span> <span class='ocrx_word' id='word_1_67' title='bbox 422 803 486 840; x_wconf 89' lang='lat' dir='ltr'><strong>cum</strong></span> <span class='ocrx_word' id='word_1_68' title='bbox 499 787 544 840; x_wconf 76' lang='lat' dir='ltr'><strong>Ti.</strong></span> <span class='ocrx_word' id='word_1_69' title='bbox 554 787 712 841; x_wconf 80' lang='lat' dir='ltr'><strong>Gracchum</strong></span> <span class='ocrx_word' id='word_1_70' title='bbox 724 787 873 841; x_wconf 79' lang='lat' dir='ltr'><strong>interemit.</strong></span> <span class='ocrx_word' id='word_1_71' title='bbox 905 790 1006 855; x_wconf 80' lang='lat' dir='ltr'><strong>Quam-</strong></span> 
     </span>
     <span class='ocr_line' id='line_1_10' title="bbox 164 867 1006 935; baseline 0.002 -15"><span class='ocrx_word' id='word_1_72' title='bbox 164 884 248 934; x_wconf 87' lang='lat' dir='ltr'><strong>quam</strong></span> <span class='ocrx_word' id='word_1_73' title='bbox 257 868 327 920; x_wconf 89' lang='lat' dir='ltr'><strong>haec</strong></span> <span class='ocrx_word' id='word_1_74' title='bbox 340 867 455 935; x_wconf 86' lang='lat' dir='ltr'><strong>quidem</strong></span> <span class='ocrx_word' id='word_1_75' title='bbox 467 883 579 920; x_wconf 87' lang='lat' dir='ltr'><strong>resnou</strong></span> <span class='ocrx_word' id='word_1_76' title='bbox 591 869 681 921; x_wconf 84' lang='lat' dir='ltr'><strong>solum</strong></span> <span class='ocrx_word' id='word_1_77' title='bbox 695 884 730 920; x_wconf 86' lang='lat' dir='ltr'><strong>ex</strong></span> <span class='ocrx_word' id='word_1_78' title='bbox 744 868 899 922; x_wconf 87' lang='lat' dir='ltr'><strong>domestica</strong></span> <span class='ocrx_word' id='word_1_79' title='bbox 911 873 953 922; x_wconf 91' lang='lat' dir='ltr'><strong>est</strong></span> <span class='ocrx_word' id='word_1_80' title='bbox 965 885 1006 922; x_wconf 89' lang='lat' dir='ltr'><strong>ra-</strong></span> 
     </span>
     <span class='ocr_line' id='line_1_11' title="bbox 163 947 1006 1018; baseline 0.002 -18"><span class='ocrx_word' id='word_1_81' title='bbox 163 947 393 1016; x_wconf 81' lang='lat' dir='ltr'><strong>tione-attingit</strong></span> <span class='ocrx_word' id='word_1_82' title='bbox 411 948 496 1002; x_wconf 88' lang='lat' dir='ltr'><strong>etiam</strong></span> <span class='ocrx_word' id='word_1_83' title='bbox 513 948 651 1016; x_wconf 87' lang='lat' dir='ltr'><strong>bellicam,</strong></span> <span class='ocrx_word' id='word_1_84' title='bbox 666 948 799 1016; x_wconf 88' lang='lat' dir='ltr'><strong>quoniam</strong></span> <span class='ocrx_word' id='word_1_85' title='bbox 818 949 847 1003; x_wconf 85' lang='lat' dir='ltr'><strong>vi</strong></span> <span class='ocrx_word' id='word_1_86' title='bbox 865 965 1006 1018; x_wconf 90' lang='lat' dir='ltr'><strong>manuque</strong></span> 
     </span>
     <span class='ocr_line' id='line_1_12' title="bbox 164 1027 1006 1098; baseline 0.002 -18"><span class='ocrx_word' id='word_1_87' title='bbox 164 1027 291 1082; x_wconf 81' lang='lat' dir='ltr'><strong>coniecta</strong></span> <span class='ocrx_word' id='word_1_88' title='bbox 306 1029 433 1082; x_wconf 83' lang='lat' dir='ltr'><strong>est—scd</strong></span> <span class='ocrx_word' id='word_1_89' title='bbox 446 1033 539 1082; x_wconf 88' lang='lat' dir='ltr'><strong>tamen</strong></span> <span class='ocrx_word' id='word_1_90' title='bbox 553 1028 584 1080; x_wconf 87' lang='lat' dir='ltr'><strong>id</strong></span> <span class='ocrx_word' id='word_1_91' title='bbox 597 1029 689 1098; x_wconf 89' lang='lat' dir='ltr'><strong>ipsum</strong></span> <span class='ocrx_word' id='word_1_92' title='bbox 705 1035 746 1087; x_wconf 90' lang='lat' dir='ltr'><strong>est</strong></span> <span class='ocrx_word' id='word_1_93' title='bbox 761 1033 874 1098; x_wconf 87' lang='lat' dir='ltr'><strong>gestum</strong></span> <span class='ocrx_word' id='word_1_94' title='bbox 887 1030 1006 1082; x_wconf 89' lang='lat' dir='ltr'><strong>consilio</strong></span> 
     </span>
     <span class='ocr_line' id='line_1_13' title="bbox 164 1108 1007 1179; baseline 0.004 -19"><span class='ocrx_word' id='word_1_95' title='bbox 164 1108 270 1162; x_wconf 89' lang='lat' dir='ltr'><strong>urbano</strong></span> <span class='ocrx_word' id='word_1_96' title='bbox 282 1108 341 1162; x_wconf 88' lang='lat' dir='ltr'><strong>sine</strong></span> <span class='ocrx_word' id='word_1_97' title='bbox 354 1109 485 1162; x_wconf 85' lang='lat' dir='ltr'><strong>exercitu.</strong></span> <span class='ocrx_word' id='word_1_98' title='bbox 517 1111 560 1164; x_wconf 73' lang='lat' dir='ltr'><strong>ri.</strong></span> <span class='ocrx_word' id='word_1_99' title='bbox 574 1109 754 1162; x_wconf 83' lang='lat' dir='ltr'><strong>illudentem</strong></span> <span class='ocrx_word' id='word_1_100' title='bbox 768 1110 907 1178; x_wconf 91' lang='lat' dir='ltr'><strong>optimum</strong></span> <span class='ocrx_word' id='word_1_101' title='bbox 917 1115 967 1179; x_wconf 84' lang='lat' dir='ltr'><strong>est,</strong></span> <span class='ocrx_word' id='word_1_102' title='bbox 976 1111 1007 1163; x_wconf 91' lang='lat' dir='ltr'><strong>in</strong></span> 
     </span>
     <span class='ocr_line' id='line_1_14' title="bbox 160 1188 922 1258; baseline 0.004 -18"><span class='ocrx_word' id='word_1_103' title='bbox 160 1190 242 1255; x_wconf 51' lang='lat' dir='ltr'><strong>¹quod</strong></span> <span class='ocrx_word' id='word_1_104' title='bbox 255 1188 353 1244; x_wconf 87' lang='lat' dir='ltr'><strong>invadi</strong></span> <span class='ocrx_word' id='word_1_105' title='bbox 366 1190 453 1242; x_wconf 88' lang='lat' dir='ltr'><strong>solere</strong></span> <span class='ocrx_word' id='word_1_106' title='bbox 466 1189 502 1241; x_wconf 89' lang='lat' dir='ltr'><strong>ab</strong></span> <span class='ocrx_word' id='word_1_107' title='bbox 514 1188 649 1258; x_wconf 81' lang='lat' dir='ltr'><strong>improbis</strong></span> <span class='ocrx_word' id='word_1_108' title='bbox 661 1194 689 1242; x_wconf 91' lang='lat' dir='ltr'><strong>et</strong></span> <span class='ocrx_word' id='word_1_109' title='bbox 701 1189 808 1242; x_wconf 87' lang='lat' dir='ltr'><strong>invidis</strong></span> <span class='ocrx_word' id='word_1_110' title='bbox 821 1190 922 1244; x_wconf 85' lang='lat' dir='ltr'><strong>audio:</strong></span> 
     </span>
    </p>
   </div>
   <div class='ocr_carea' id='block_1_3' title="bbox 239 1294 879 1372">
    <p class='ocr_par' dir='ltr' id='par_1_3' title="bbox 239 1294 879 1372">
     <span class='ocr_line' id='line_1_15' title="bbox 239 1294 879 1372; baseline -0.002 -13"><span class='ocrx_word' id='word_1_111' title='bbox 239 1294 243 1300; x_wconf 68' lang='lat'><em>,</em></span> <span class='ocrx_word' id='word_1_112' title='bbox 295 1313 392 1359; x_wconf 86' lang='lat' dir='ltr'><strong>Cedant</strong></span> <span class='ocrx_word' id='word_1_113' title='bbox 402 1325 471 1357; x_wconf 88' lang='lat' dir='ltr'><strong>arma</strong></span> <span class='ocrx_word' id='word_1_114' title='bbox 481 1313 564 1372; x_wconf 83' lang='lat' dir='ltr'><strong>togae,</strong></span> <span class='ocrx_word' id='word_1_115' title='bbox 575 1313 698 1358; x_wconf 82' lang='lat' dir='ltr'><strong>concedat</strong></span> <span class='ocrx_word' id='word_1_116' title='bbox 708 1313 793 1357; x_wconf 85' lang='lat' dir='ltr'><strong>laurea</strong></span> <span class='ocrx_word' id='word_1_117' title='bbox 802 1313 879 1358; x_wconf 88' lang='lat' dir='ltr'><strong>laudi.</strong></span> 
     </span>
    </p>
   </div>
   <div class='ocr_carea' id='block_1_4' title="bbox 157 1427 1009 1980">
    <p class='ocr_par' dir='ltr' id='par_1_4' title="bbox 157 1427 1009 1980">
     <span class='ocr_line' id='line_1_16' title="bbox 157 1427 1007 1500; baseline -0.001 -17"><span class='ocrx_word' id='word_1_118' title='bbox 157 1431 205 1500; x_wconf 35' lang='lat' dir='ltr'><strong>,Ut</strong></span> <span class='ocrx_word' id='word_1_119' title='bbox 215 1429 288 1482; x_wconf 89' lang='lat' dir='ltr'><strong>enim</strong></span> <span class='ocrx_word' id='word_1_120' title='bbox 301 1429 371 1482; x_wconf 84' lang='lat' dir='ltr'><strong>alios</strong></span> <span class='ocrx_word' id='word_1_121' title='bbox 383 1428 520 1494; x_wconf 84' lang='lat' dir='ltr'><strong>omittam,</strong></span> <span class='ocrx_word' id='word_1_122' title='bbox 530 1427 612 1480; x_wconf 90' lang='lat' dir='ltr'><strong>nobis</strong></span> <span class='ocrx_word' id='word_1_123' title='bbox 625 1444 683 1480; x_wconf 87' lang='lat' dir='ltr'><strong>rem</strong></span> <span class='ocrx_word' id='word_1_124' title='bbox 695 1427 839 1497; x_wconf 78' lang='lat' dir='ltr'><strong>publicam</strong></span> <span class='ocrx_word' id='word_1_125' title='bbox 851 1429 1007 1498; x_wconf 86' lang='lat' dir='ltr'><strong>gubernan-</strong></span> 
     </span>
     <span class='ocr_line' id='line_1_17' title="bbox 165 1508 1008 1579; baseline -0.004 -15"><span class='ocrx_word' id='word_1_126' title='bbox 165 1511 242 1564; x_wconf 80' lang='lat' dir='ltr'><strong>tibus</strong></span> <span class='ocrx_word' id='word_1_127' title='bbox 256 1526 348 1562; x_wconf 92' lang='lat' dir='ltr'><strong>nonne</strong></span> <span class='ocrx_word' id='word_1_128' title='bbox 360 1513 444 1578; x_wconf 85' lang='lat' dir='ltr'><strong>togae</strong></span> <span class='ocrx_word' id='word_1_129' title='bbox 459 1525 534 1566; x_wconf 89' lang='lat' dir='ltr'><strong>arma</strong></span> <span class='ocrx_word' id='word_1_130' title='bbox 547 1510 706 1562; x_wconf 67' lang='lat' dir='ltr'><strong>cesserunt?</strong></span> <span class='ocrx_word' id='word_1_131' title='bbox 736 1509 836 1576; x_wconf 90' lang='lat' dir='ltr'><strong>Neque</strong></span> <span class='ocrx_word' id='word_1_132' title='bbox 849 1508 924 1561; x_wconf 88' lang='lat' dir='ltr'><strong>enim</strong></span> <span class='ocrx_word' id='word_1_133' title='bbox 936 1509 1008 1579; x_wconf 89' lang='lat' dir='ltr'><strong>peri·-</strong></span> 
     </span>
     <span class='ocr_line' id='line_1_18' title="bbox 162 1588 1009 1658; baseline 0 -16"><span class='ocrx_word' id='word_1_134' title='bbox 162 1590 310 1645; x_wconf 71' lang='lat' dir='ltr'><strong>‘culum-in</strong></span> <span class='ocrx_word' id='word_1_135' title='bbox 327 1588 485 1658; x_wconf 88' lang='lat' dir='ltr'><strong>republica</strong></span> <span class='ocrx_word' id='word_1_136' title='bbox 502 1588 558 1641; x_wconf 81' lang='lat' dir='ltr'><strong>init</strong></span> <span class='ocrx_word' id='word_1_137' title='bbox 572 1589 685 1658; x_wconf 89' lang='lat' dir='ltr'><strong>gravius</strong></span> <span class='ocrx_word' id='word_1_138' title='bbox 702 1604 836 1656; x_wconf 88' lang='lat' dir='ltr'><strong>umquam</strong></span> <span class='ocrx_word' id='word_1_139' title='bbox 853 1605 905 1641; x_wconf 92' lang='lat' dir='ltr'><strong>nec</strong></span> <span class='ocrx_word' id='word_1_140' title='bbox 919 1589 1009 1642; x_wconf 86' lang='lat' dir='ltr'><strong>maius</strong></span> 
     </span>
     <span class='ocr_line' id='line_1_19' title="bbox 167 1669 1007 1747; baseline -0.002 -23"><span class='ocrx_word' id='word_1_141' title='bbox 167 1671 264 1724; x_wconf 90' lang='lat' dir='ltr'><strong>otium.</strong></span> <span class='ocrx_word' id='word_1_142' title='bbox 301 1670 344 1722; x_wconf 90' lang='lat' dir='ltr'><strong>Ita</strong></span> <span class='ocrx_word' id='word_1_143' title='bbox 363 1669 486 1724; x_wconf 86' lang='lat' dir='ltr'><strong>consiliis</strong></span> <span class='ocrx_word' id='word_1_144' title='bbox 502 1669 706 1738; x_wconf 74' lang='lat' dir='ltr'><strong>diligentiaque</strong></span> <span class='ocrx_word' id='word_1_145' title='bbox 721 1673 816 1722; x_wconf 86' lang='lat' dir='ltr'><strong>nostra</strong></span> <span class='ocrx_word' id='word_1_146' title='bbox 831 1669 957 1729; x_wconf 84' lang='lat' dir='ltr'><strong>celeriter</strong></span> <span class='ocrx_word' id='word_1_147' title='bbox 972 1671 1007 1747; x_wconf 83' lang='lat' dir='ltr'><strong>de</strong></span> 
     </span>
     <span class='ocr_line' id='line_1_20' title="bbox 161 1749 1008 1818; baseline 0 -15"><span class='ocrx_word' id='word_1_148' title='bbox 161 1750 296 1803; x_wconf 40' lang='lat' dir='ltr'><strong>*manibus</strong></span> <span class='ocrx_word' id='word_1_149' title='bbox 312 1749 565 1811; x_wconf 73' lang='lat' dir='ltr'><strong>‚audacissimorum</strong></span> <span class='ocrx_word' id='word_1_150' title='bbox 588 1749 692 1802; x_wconf 88' lang='lat' dir='ltr'><strong>civium</strong></span> <span class='ocrx_word' id='word_1_151' title='bbox 716 1751 831 1818; x_wconf 85' lang='lat' dir='ltr'><strong>delapsa</strong></span> <span class='ocrx_word' id='word_1_152' title='bbox 852 1762 928 1802; x_wconf 86' lang='lat' dir='ltr'><strong>arma</strong></span> <span class='ocrx_word' id='word_1_153' title='bbox 946 1749 1008 1818; x_wconf 85' lang='lat' dir='ltr'><strong>ipsa</strong></span> 
     </span>
     <span class='ocr_line' id='line_1_21' title="bbox 161 1829 1008 1900; baseline 0 -18"><span class='ocrx_word' id='word_1_154' title='bbox 161 1830 335 1883; x_wconf 85' lang='lat' dir='ltr'><strong>ceciderunt.</strong></span> <span class='ocrx_word' id='word_1_155' title='bbox 374 1830 449 1896; x_wconf 82' lang='lat' dir='ltr'><strong>Quae</strong></span> <span class='ocrx_word' id='word_1_156' title='bbox 468 1845 511 1882; x_wconf 89' lang='lat' dir='ltr'><strong>res</strong></span> <span class='ocrx_word' id='word_1_157' title='bbox 528 1829 616 1899; x_wconf 80' lang='lat' dir='ltr'><strong>igitur</strong></span> <span class='ocrx_word' id='word_1_158' title='bbox 634 1835 713 1900; x_wconf 79' lang='lat' dir='ltr'><strong>gesta</strong></span> <span class='ocrx_word' id='word_1_159' title='bbox 730 1845 864 1898; x_wconf 85' lang='lat' dir='ltr'><strong>umquam</strong></span> <span class='ocrx_word' id='word_1_160' title='bbox 882 1829 914 1882; x_wconf 89' lang='lat' dir='ltr'><strong>in</strong></span> <span class='ocrx_word' id='word_1_161' title='bbox 934 1831 1008 1882; x_wconf 91' lang='lat' dir='ltr'><strong>bello</strong></span> 
     </span>
     <span class='ocr_line' id='line_1_22' title="bbox 167 1910 1008 1980; baseline -0.004 -16"><span class='ocrx_word' id='word_1_162' title='bbox 167 1913 265 1965; x_wconf 75' lang='lat' dir='ltr'><strong>tentat</strong></span> <span class='ocrx_word' id='word_1_163' title='bbox 287 1911 336 1980; x_wconf 92' lang='lat' dir='ltr'><strong>qui</strong></span> <span class='ocrx_word' id='word_1_164' title='bbox 355 1910 513 1979; x_wconf 84' lang='lat' dir='ltr'><strong>triumphus</strong></span> <span class='ocrx_word' id='word_1_165' title='bbox 538 1911 740 1964; x_wconf 77' lang='lat' dir='ltr'><strong>conferendusl</strong></span> <span class='ocrx_word' id='word_1_166' title='bbox 763 1913 819 1964; x_wconf 71' lang='lat' dir='ltr'><strong>,ia</strong></span> <span class='ocrx_word' id='word_1_167' title='bbox 835 1910 914 1964; x_wconf 88' lang='lat' dir='ltr'><strong>Licet</strong></span> <span class='ocrx_word' id='word_1_168' title='bbox 933 1910 1008 1962; x_wconf 87' lang='lat' dir='ltr'><strong>enim</strong></span> 
     </span>
    </p>
   </div>
   <div class='ocr_carea' id='block_1_5' title="bbox 161 1991 1098 2062">
    <p class='ocr_par' dir='ltr' id='par_1_5' title="bbox 161 1991 1098 2062">
     <span class='ocr_line' id='line_1_23' title="bbox 161 1991 1098 2062; baseline -0.004 -16"><span class='ocrx_word' id='word_1_169' title='bbox 161 1991 245 2057; x_wconf 85' lang='lat' dir='ltr'><strong>mihi,</strong></span> <span class='ocrx_word' id='word_1_170' title='bbox 255 1993 347 2044; x_wconf 88' lang='lat' dir='ltr'><strong>Marce</strong></span> <span class='ocrx_word' id='word_1_171' title='bbox 359 1991 408 2058; x_wconf 86' lang='lat' dir='ltr'><strong>fili,</strong></span> <span class='ocrx_word' id='word_1_172' title='bbox 422 1991 497 2058; x_wconf 86' lang='lat' dir='ltr'><strong>apud</strong></span> <span class='ocrx_word' id='word_1_173' title='bbox 510 1995 538 2042; x_wconf 91' lang='lat' dir='ltr'><strong>te</strong></span> <span class='ocrx_word' id='word_1_174' title='bbox 551 1991 674 2060; x_wconf 82' lang='lat' dir='ltr'><strong>gloriari,</strong></span> <span class='ocrx_word' id='word_1_175' title='bbox 684 1991 720 2043; x_wconf 86' lang='lat' dir='ltr'><strong>ad</strong></span> <span class='ocrx_word' id='word_1_176' title='bbox 731 2007 814 2062; x_wconf 84' lang='lat' dir='ltr'><strong>quem</strong></span> <span class='ocrx_word' id='word_1_177' title='bbox 827 1996 855 2044; x_wconf 88' lang='lat' dir='ltr'><strong>et</strong></span> <span class='ocrx_word' id='word_1_178' title='bbox 868 1991 1009 2044; x_wconf 82' lang='lat' dir='ltr'><strong>hereditas</strong></span> <span class='ocrx_word' id='word_1_179' title='bbox 1095 2011 1098 2017; x_wconf 59' lang='lat'>¹</span> 
     </span>
    </p>
   </div>
   <div class='ocr_carea' id='block_1_6' title="bbox 162 2071 1022 3183">
    <p class='ocr_par' dir='ltr' id='par_1_6' title="bbox 162 2071 1022 2704">
     <span class='ocr_line' id='line_1_24' title="bbox 167 2071 1007 2142; baseline -0.002 -18"><span class='ocrx_word' id='word_1_180' title='bbox 167 2073 250 2126; x_wconf 89' lang='lat' dir='ltr'><strong>huius</strong></span> <span class='ocrx_word' id='word_1_181' title='bbox 262 2073 368 2142; x_wconf 86' lang='lat' dir='ltr'><strong>gloriae</strong></span> <span class='ocrx_word' id='word_1_182' title='bbox 381 2077 409 2124; x_wconf 92' lang='lat' dir='ltr'><strong>et</strong></span> <span class='ocrx_word' id='word_1_183' title='bbox 419 2071 555 2124; x_wconf 86' lang='lat' dir='ltr'><strong>factorum</strong></span> <span class='ocrx_word' id='word_1_184' title='bbox 567 2072 689 2124; x_wconf 86' lang='lat' dir='ltr'><strong>imitatio</strong></span> <span class='ocrx_word' id='word_1_185' title='bbox 700 2072 830 2140; x_wconf 88' lang='lat' dir='ltr'><strong>pertinet.</strong></span> <span class='ocrx_word' id='word_1_186' title='bbox 861 2071 934 2124; x_wconf 90' lang='lat' dir='ltr'><strong>Mihi</strong></span> <span class='ocrx_word' id='word_1_187' title='bbox 947 2071 1007 2139; x_wconf 90' lang='lat' dir='ltr'><strong>qui-</strong></span> 
     </span>
     <span class='ocr_line' id='line_1_25' title="bbox 162 2151 1022 2219; baseline -0.006 -13"><span class='ocrx_word' id='word_1_188' title='bbox 162 2155 233 2207; x_wconf 85' lang='lat' dir='ltr'><strong>dem</strong></span> <span class='ocrx_word' id='word_1_189' title='bbox 254 2159 328 2206; x_wconf 90' lang='lat' dir='ltr'><strong>certe</strong></span> <span class='ocrx_word' id='word_1_190' title='bbox 348 2152 392 2203; x_wconf 88' lang='lat' dir='ltr'><strong>vir</strong></span> <span class='ocrx_word' id='word_1_191' title='bbox 411 2152 559 2204; x_wconf 88' lang='lat' dir='ltr'><strong>abundans</strong></span> <span class='ocrx_word' id='word_1_192' title='bbox 579 2151 688 2203; x_wconf 89' lang='lat' dir='ltr'><strong>bellicis</strong></span> <span class='ocrx_word' id='word_1_193' title='bbox 707 2151 847 2219; x_wconf 86' lang='lat' dir='ltr'><strong>laudibus,</strong></span> <span class='ocrx_word' id='word_1_194' title='bbox 863 2153 912 2210; x_wconf 79' lang='lat' dir='ltr'><strong>Cn.</strong></span> <span class='ocrx_word' id='word_1_195' title='bbox 926 2153 1022 2204; x_wconf 65' lang='lat' dir='ltr'><strong>Pom-²</strong></span> 
     </span>
     <span class='ocr_line' id='line_1_26' title="bbox 162 2225 1020 2306; baseline -0.003 -19"><span class='ocrx_word' id='word_1_196' title='bbox 162 2235 255 2306; x_wconf 84' lang='lat' dir='ltr'><strong>peius,</strong></span> <span class='ocrx_word' id='word_1_197' title='bbox 264 2232 360 2285; x_wconf 89' lang='lat' dir='ltr'><strong>multis</strong></span> <span class='ocrx_word' id='word_1_198' title='bbox 373 2232 562 2296; x_wconf 68' lang='lat' dir='ltr'><strong>audientibus</strong></span> <span class='ocrx_word' id='word_1_199' title='bbox 571 2232 626 2283; x_wconf 89' lang='lat' dir='ltr'><strong>hoc</strong></span> <span class='ocrx_word' id='word_1_200' title='bbox 635 2231 743 2298; x_wconf 86' lang='lat' dir='ltr'><strong>tribuit,</strong></span> <span class='ocrx_word' id='word_1_201' title='bbox 752 2236 784 2283; x_wconf 91' lang='lat' dir='ltr'><strong>ut</strong></span> <span class='ocrx_word' id='word_1_202' title='bbox 793 2232 898 2284; x_wconf 89' lang='lat' dir='ltr'><strong>diceret</strong></span> <span class='ocrx_word' id='word_1_203' title='bbox 907 2225 1020 2284; x_wconf 78' lang='lat' dir='ltr'><strong>frustra&#39;</strong></span> 
     </span>
     <span class='ocr_line' id='line_1_27' title="bbox 167 2311 1009 2381; baseline -0.002 -13"><span class='ocrx_word' id='word_1_204' title='bbox 167 2332 197 2368; x_wconf 90' lang='lat' dir='ltr'><strong>se</strong></span> <span class='ocrx_word' id='word_1_205' title='bbox 211 2313 387 2381; x_wconf 89' lang='lat' dir='ltr'><strong>triumphum</strong></span> <span class='ocrx_word' id='word_1_206' title='bbox 405 2311 518 2364; x_wconf 90' lang='lat' dir='ltr'><strong>tertium</strong></span> <span class='ocrx_word' id='word_1_207' title='bbox 534 2311 752 2380; x_wconf 76' lang='lat' dir='ltr'><strong>‘deportaturum</strong></span> <span class='ocrx_word' id='word_1_208' title='bbox 760 2311 860 2377; x_wconf 61' lang='lat' dir='ltr'><strong>fuisse,</strong></span> <span class='ocrx_word' id='word_1_209' title='bbox 873 2312 928 2364; x_wconf 89' lang='lat' dir='ltr'><strong>nisi</strong></span> <span class='ocrx_word' id='word_1_210' title='bbox 947 2329 1009 2366; x_wconf 91' lang='lat' dir='ltr'><strong>meo</strong></span> 
     </span>
     <span class='ocr_line' id='line_1_28' title="bbox 167 2390 1010 2461; baseline 0 -15"><span class='ocrx_word' id='word_1_211' title='bbox 167 2395 198 2446; x_wconf 90' lang='lat' dir='ltr'><strong>in</strong></span> <span class='ocrx_word' id='word_1_212' title='bbox 211 2391 423 2461; x_wconf 84' lang='lat' dir='ltr'><strong>rempublicam</strong></span> <span class='ocrx_word' id='word_1_213' title='bbox 437 2390 573 2444; x_wconf 91' lang='lat' dir='ltr'><strong>beneficio</strong></span> <span class='ocrx_word' id='word_1_214' title='bbox 586 2390 634 2443; x_wconf 91' lang='lat' dir='ltr'><strong>ubi</strong></span> <span class='ocrx_word' id='word_1_215' title='bbox 648 2390 834 2460; x_wconf 85' lang='lat' dir='ltr'><strong>triumpharet</strong></span> <span class='ocrx_word' id='word_1_216' title='bbox 847 2398 918 2445; x_wconf 88' lang='lat' dir='ltr'><strong>esset</strong></span> <span class='ocrx_word' id='word_1_217' title='bbox 931 2394 1010 2447; x_wconf 90' lang='lat' dir='ltr'><strong>habi-</strong></span> 
     </span>
     <span class='ocr_line' id='line_1_29' title="bbox 168 2469 1009 2541; baseline 0 -13"><span class='ocrx_word' id='word_1_218' title='bbox 168 2482 255 2528; x_wconf 88' lang='lat' dir='ltr'><strong>turus.</strong></span> <span class='ocrx_word' id='word_1_219' title='bbox 294 2473 365 2526; x_wconf 86' lang='lat' dir='ltr'><strong>Sunt</strong></span> <span class='ocrx_word' id='word_1_220' title='bbox 379 2471 467 2541; x_wconf 73' lang='lat' dir='ltr'><strong>igitur</strong></span> <span class='ocrx_word' id='word_1_221' title='bbox 485 2471 654 2532; x_wconf 82' lang='lat' dir='ltr'><strong>domesticae</strong></span> <span class='ocrx_word' id='word_1_222' title='bbox 668 2469 850 2524; x_wconf 88' lang='lat' dir='ltr'><strong>fortitudines</strong></span> <span class='ocrx_word' id='word_1_223' title='bbox 868 2488 925 2526; x_wconf 90' lang='lat' dir='ltr'><strong>non</strong></span> <span class='ocrx_word' id='word_1_224' title='bbox 939 2474 1009 2529; x_wconf 88' lang='lat' dir='ltr'><strong>inse·</strong></span> 
     </span>
     <span class='ocr_line' id='line_1_30' title="bbox 168 2551 1009 2622; baseline 0.002 -14"><span class='ocrx_word' id='word_1_225' title='bbox 168 2555 254 2608; x_wconf 86' lang='lat' dir='ltr'><strong>riores</strong></span> <span class='ocrx_word' id='word_1_226' title='bbox 273 2553 456 2606; x_wconf 86' lang='lat' dir='ltr'><strong>militaribus:</strong></span> <span class='ocrx_word' id='word_1_227' title='bbox 475 2553 505 2604; x_wconf 91' lang='lat' dir='ltr'><strong>in</strong></span> <span class='ocrx_word' id='word_1_228' title='bbox 520 2554 623 2620; x_wconf 89' lang='lat' dir='ltr'><strong>quibus</strong></span> <span class='ocrx_word' id='word_1_229' title='bbox 637 2553 702 2622; x_wconf 90' lang='lat' dir='ltr'><strong>plus</strong></span> <span class='ocrx_word' id='word_1_230' title='bbox 721 2551 805 2604; x_wconf 90' lang='lat' dir='ltr'><strong>etiam</strong></span> <span class='ocrx_word' id='word_1_231' title='bbox 820 2569 904 2621; x_wconf 87' lang='lat' dir='ltr'><strong>quam</strong></span> <span class='ocrx_word' id='word_1_232' title='bbox 919 2554 949 2608; x_wconf 91' lang='lat' dir='ltr'><strong>in</strong></span> <span class='ocrx_word' id='word_1_233' title='bbox 964 2557 1009 2610; x_wconf 90' lang='lat' dir='ltr'><strong>his</strong></span> 
     </span>
     <span class='ocr_line' id='line_1_31' title="bbox 169 2634 660 2704; baseline -0.004 -16"><span class='ocrx_word' id='word_1_234' title='bbox 169 2653 269 2704; x_wconf 87' lang='lat' dir='ltr'><strong>operae</strong></span> <span class='ocrx_word' id='word_1_235' title='bbox 281 2634 424 2701; x_wconf 88' lang='lat' dir='ltr'><strong>studiique</strong></span> <span class='ocrx_word' id='word_1_236' title='bbox 437 2635 599 2703; x_wconf 89' lang='lat' dir='ltr'><strong>ponendum</strong></span> <span class='ocrx_word' id='word_1_237' title='bbox 612 2643 660 2686; x_wconf 88' lang='lat' dir='ltr'><strong>est.</strong></span> 
     </span>
    </p>

    <p class='ocr_par' dir='ltr' id='par_1_7' title="bbox 170 2714 1010 3183">
     <span class='ocr_line' id='line_1_32' title="bbox 205 2714 1009 2782; baseline 0.001 -14"><span class='ocrx_word' id='word_1_238' title='bbox 205 2717 310 2770; x_wconf 80' lang='lat' dir='ltr'>XXIII.</span> <span class='ocrx_word' id='word_1_239' title='bbox 343 2718 384 2768; x_wconf 73' lang='grc'><strong>79.</strong></span> <span class='ocrx_word' id='word_1_240' title='bbox 403 2715 523 2766; x_wconf 90' lang='lat' dir='ltr'><strong>Omnino</strong></span> <span class='ocrx_word' id='word_1_241' title='bbox 533 2714 606 2766; x_wconf 90' lang='lat' dir='ltr'><strong>illud</strong></span> <span class='ocrx_word' id='word_1_242' title='bbox 616 2715 771 2781; x_wconf 84' lang='lat' dir='ltr'><strong>honestum,</strong></span> <span class='ocrx_word' id='word_1_243' title='bbox 783 2715 860 2782; x_wconf 91' lang='lat' dir='ltr'><strong>quod</strong></span> <span class='ocrx_word' id='word_1_244' title='bbox 870 2731 905 2768; x_wconf 89' lang='lat' dir='ltr'><strong>ex</strong></span> <span class='ocrx_word' id='word_1_245' title='bbox 915 2716 1009 2770; x_wconf 85' lang='lat' dir='ltr'><strong>animo</strong></span> 
     </span>
     <span class='ocr_line' id='line_1_33' title="bbox 170 2785 1009 2864; baseline 0 -16"><span class='ocrx_word' id='word_1_246' title='bbox 170 2798 279 2850; x_wconf 87' lang='lat' dir='ltr'><strong>excelso</strong></span> <span class='ocrx_word' id='word_1_247' title='bbox 298 2794 503 2864; x_wconf 84' lang='lat' dir='ltr'><strong>magnificoque</strong></span> <span class='ocrx_word' id='word_1_248' title='bbox 523 2785 689 2861; x_wconf 67' lang='lat' dir='ltr'><strong>quaerimus</strong></span> <span class='ocrx_word' id='word_1_249' title='bbox 707 2793 791 2846; x_wconf 88' lang='lat' dir='ltr'><strong>animi</strong></span> <span class='ocrx_word' id='word_1_250' title='bbox 811 2794 936 2862; x_wconf 81' lang='lat' dir='ltr'><strong>efficitur,</strong></span> <span class='ocrx_word' id='word_1_251' title='bbox 952 2813 1009 2848; x_wconf 90' lang='lat' dir='ltr'><strong>non</strong></span> 
     </span>
     <span class='ocr_line' id='line_1_34' title="bbox 170 2875 1009 2946; baseline -0.004 -17"><span class='ocrx_word' id='word_1_252' title='bbox 170 2877 294 2946; x_wconf 89' lang='lat' dir='ltr'><strong>corporis</strong></span> <span class='ocrx_word' id='word_1_253' title='bbox 315 2875 428 2928; x_wconf 85' lang='lat' dir='ltr'><strong>viribus.</strong></span> <span class='ocrx_word' id='word_1_254' title='bbox 465 2875 660 2926; x_wconf 80' lang='lat' dir='ltr'><strong>Exercendum</strong></span> <span class='ocrx_word' id='word_1_255' title='bbox 682 2880 775 2926; x_wconf 87' lang='lat' dir='ltr'><strong>tamen</strong></span> <span class='ocrx_word' id='word_1_256' title='bbox 797 2891 899 2944; x_wconf 89' lang='lat' dir='ltr'><strong>corpus</strong></span> <span class='ocrx_word' id='word_1_257' title='bbox 920 2882 948 2928; x_wconf 88' lang='lat' dir='ltr'><strong>et</strong></span> <span class='ocrx_word' id='word_1_258' title='bbox 969 2875 1009 2926; x_wconf 81' lang='lat' dir='ltr'><strong>ita</strong></span> 
     </span>
     <span class='ocr_line' id='line_1_35' title="bbox 170 2953 1010 3023; baseline -0.006 -14"><span class='ocrx_word' id='word_1_259' title='bbox 170 2956 360 3009; x_wconf 86' lang='lat' dir='ltr'><strong>adficiendum</strong></span> <span class='ocrx_word' id='word_1_260' title='bbox 373 2960 422 3021; x_wconf 86' lang='lat' dir='ltr'><strong>cst,</strong></span> <span class='ocrx_word' id='word_1_261' title='bbox 433 2960 465 3007; x_wconf 92' lang='lat' dir='ltr'><strong>ut</strong></span> <span class='ocrx_word' id='word_1_262' title='bbox 477 2955 609 3006; x_wconf 90' lang='lat' dir='ltr'><strong>oboedire</strong></span> <span class='ocrx_word' id='word_1_263' title='bbox 621 2955 739 3007; x_wconf 90' lang='lat' dir='ltr'><strong>consilio</strong></span> <span class='ocrx_word' id='word_1_264' title='bbox 752 2955 908 3023; x_wconf 88' lang='lat' dir='ltr'><strong>rationique</strong></span> <span class='ocrx_word' id='word_1_265' title='bbox 921 2953 1010 3022; x_wconf 86' lang='lat' dir='ltr'><strong>possit</strong></span> 
     </span>
     <span class='ocr_line' id='line_1_36' title="bbox 170 3033 1010 3104; baseline -0.007 -16"><span class='ocrx_word' id='word_1_266' title='bbox 170 3036 201 3088; x_wconf 92' lang='lat' dir='ltr'><strong>in</strong></span> <span class='ocrx_word' id='word_1_267' title='bbox 219 3035 404 3104; x_wconf 81' lang='lat' dir='ltr'><strong>exsequendis</strong></span> <span class='ocrx_word' id='word_1_268' title='bbox 422 3034 544 3103; x_wconf 81' lang='lat' dir='ltr'><strong>negotiis</strong></span> <span class='ocrx_word' id='word_1_269' title='bbox 562 3034 634 3087; x_wconf 90' lang='lat' dir='ltr'><strong>etin</strong></span> <span class='ocrx_word' id='word_1_270' title='bbox 649 3035 743 3087; x_wconf 90' lang='lat' dir='ltr'><strong>labore</strong></span> <span class='ocrx_word' id='word_1_271' title='bbox 762 3035 915 3086; x_wconf 88' lang='lat' dir='ltr'><strong>tolerando.</strong></span> <span class='ocrx_word' id='word_1_272' title='bbox 953 3033 1010 3083; x_wconf 91' lang='lat' dir='ltr'><strong>Ho-</strong></span> 
     </span>
     <span class='ocr_line' id='line_1_37' title="bbox 170 3111 1009 3183; baseline -0.011 -13"><span class='ocrx_word' id='word_1_273' title='bbox 170 3122 281 3170; x_wconf 88' lang='lat' dir='ltr'><strong>nestum</strong></span> <span class='ocrx_word' id='word_1_274' title='bbox 294 3120 387 3169; x_wconf 85' lang='lat' dir='ltr'><strong>autem</strong></span> <span class='ocrx_word' id='word_1_275' title='bbox 398 3114 438 3182; x_wconf 87' lang='lat' dir='ltr'><strong>id,</strong></span> <span class='ocrx_word' id='word_1_276' title='bbox 449 3116 526 3183; x_wconf 90' lang='lat' dir='ltr'><strong>quod</strong></span> <span class='ocrx_word' id='word_1_277' title='bbox 538 3114 719 3183; x_wconf 83' lang='lat' dir='ltr'><strong>exquirimus,</strong></span> <span class='ocrx_word' id='word_1_278' title='bbox 729 3111 822 3166; x_wconf 77' lang='lat' dir='ltr'><strong>tolum</strong></span> <span class='ocrx_word' id='word_1_279' title='bbox 834 3117 876 3164; x_wconf 91' lang='lat' dir='ltr'><strong>est</strong></span> <span class='ocrx_word' id='word_1_280' title='bbox 887 3111 1009 3180; x_wconf 86' lang='lat' dir='ltr'><strong>positum</strong></span> 
     </span>
    </p>
   </div>
   <div class='ocr_carea' id='block_1_7' title="bbox 0 0 1150 3442">
    <p class='ocr_par' dir='ltr' id='par_1_8' title="bbox 0 0 1150 3442">
     <span class='ocr_line' id='line_1_38' title="bbox 0 0 1150 3442; baseline 0 0"><span class='ocrx_word' id='word_1_281' title='bbox 0 0 1150 3442; x_wconf 95' lang='lat' dir='ltr'><strong> </strong></span> 
     </span>
    </p>
   </div>
  </div>
 </body>
</html>
