2272 3442
367 460 407 514 M.
425 459 557 513 TULLII
578 459 781 516 CICERONIS

175 634 346 750 aturrus
368 634 457 705 alvu
480 633 533 704 Du
555 633 742 705 AMICITIA
763 633 972 708 altioeus,

468 834 684 846 ..ρῳ--

205 968 228 1021 Ι.
266 974 287 1022 1.
324 967 355 1032 Q.
368 967 475 1022 Mucius
489 983 577 1037 augur
591 968 678 1021 multa
693 979 804 1019 narrare
813 961 848 1016 de
862 962 890 1016 (i.
905 961 998 1015 Laelio

152 1060 245 1096 soeero
265 1060 313 1096 suo
332 1044 491 1098 memoriter
507 1049 536 1097 et
547 1042 670 1111 jucunde
685 1040 789 1094 solebat
807 1055 856 1091 nee
872 1037 999 1091 dubitare

151 1119 228 1171 illum
240 1120 268 1172 in
280 1119 353 1172 omni
366 1136 490 1172 somnone
501 1120 638 1188 appellare
650 1117 806 1185 sapientem.
837 1115 894 1182 Ego
907 1120 998 1169 autem

152 1212 168 1246 a
184 1199 263 1261 patre
279 1195 318 1248 ita
336 1212 410 1248 eram
423 1195 559 1248 deductus
575 1195 611 1247 ad
628 1192 782 1247 Scaevolam
801 1196 910 1258 sumpta
928 1193 998 1244 virili
1053 1235 1107 1290 ς»

85 1325 89 1334 ,
151 1275 223 1338 toga,
235 1275 266 1323 ut
279 1270 370 1338 quoad
382 1288 488 1338 possem
502 1276 531 1323 et
543 1271 637 1323 liceret
650 1287 666 1322 a
678 1269 750 1321 souis
762 1269 849 1322 latere
861 1227 1056 1350 nunquamtb3

21 1342 84 1397 Μ]
132 1345 330 1428 ffliseedermn.
369 1347 467 1412 Itaque
484 1345 621 1398 multaab
638 1364 670 1398 eo
688 1345 839 1414 prudenter
851 1347 998 1416 disputata,

75 1405 130 1438 Μ
152 1421 238 1474 milita
263 1422 344 1496 etiam
369 1421 488 1474 breviter
498 1425 527 1474 et
539 1421 680 1474 commode
690 1423 763 1474 dieta
772 1423 918 1476 memoriae
925 1440 1000 1475 man-

153 1497 258 1560 dabam,
271 1497 386 1566 fierique
401 1497 545 1550 studebam
556 1497 619 1565 ,ejus
632 1497 779 1566 prudentia
791 1498 903 1551 doctior.
940 1499 999 1563 Quo

153 1577 260 1627 mortuo
272 1591 316 1628 me
325 1574 361 1626 ad
373 1574 530 1642 pontificem
541 1574 696 1628 Scaevolam
706 1575 906 1642 eontuli..quem
915 1593 999 1628 unum

153 1654 261 1704 nostrae
273 1651 391 1704 civitatis
404 1654 432 1704 et
446 1650 555 1719 ingenio
572 1655 601 1704 et
612 1651 722 1718 justitia
736 1651 999 1720 praestantissimum

153 1727 241 1780 audeo
255 1726 353 1780 dicere.
391 1727 446 1780 Sed
463 1727 498 1781 de
514 1727 565 1781 hoo
581 1728 659 1780 alias:
678 1744 748 1780 nune
764 1728 847 1782 redeo
864 1728 900 1780 ad
916 1745 999 1795 augu-
1032 1785 1039 1810 ὅ

153 1819 218 1855 rem.
251 1808 272 1855 2.
293 1803 383 1866 Quum
396 1821 476 1872 saepe
489 1805 583 1869 multa,
597 1807 656 1856 tum
669 1803 779 1856 maurini
792 1803 865 1857 domi
878 1804 905 1856 in
917 1804 1001 1857 hemi-
1018 1809 1096 1880 w*

154 1878 235 1946 cyolio
254 1879 402 1946 sedentem,
419 1884 451 1934 ut
465 1879 577 1948 solebat,
591 1897 674 1948 quum
690 1882 718 1933 ot
734 1897 784 1948 ego
801 1897 957 1952 Μυκη
971 1883 1001 1933 et

153 1955 230 2024 pauci
248 1954 395 2008 admodum
412 1955 568 2021 senatores,
581 1957 609 2008 iu
627 1973 688 2010 eum
706 1973 858 2010 sermonem
874 1955 950 2008 illum
963 1957 1001 2008 iu-

153 2031 244 2084 cidere
260 2032 307 2100 qui
325 2035 384 2085 tum
402 2032 459 2084 fore
475 2032 623 2101 [omnibus]
640 2035 700 2086 erat
716 2033 744 2085 iu
760 2050 814 2087 oro.
850 2032 999 2086 Meminist'

153 2108 225 2160 enim
236 2108 365 2175 profecto,
381 2108 481 2172 Attice,
494 2113 523 2160 ot
536 2125 567 2161 eo
579 2109 666 2175 magis
678 2108 752 2176 quod
767 2109 798 2162 P.
812 2109 929 2178 Sulpicio
943 2112 1002 2161 ute-

153 2183 219 2235 bare
237 2183 359 2246 multum,
377 2200 462 2250 quum
481 2183 504 2234 is
524 2184 652 2236 tribunus
671 2183 759 2252 plebis
778 2184 887 2252 capitali
907 2184 969 2236 odio
985 2201 1002 2236 a

155 2259 185 2322 Q.
208 2258 336 2325 Pompeio
358 2259 404 2324 qui
425 2262 485 2310 tum
510 2263 569 2312 erat
594 2259 686 2312 consui
710 2259 865 2327 dissideret,
886 2276 1001 2328 quoeum
1018 2309 1024 2315 .
1041 2261 1050 2318 ζ
1084 2270 1089 2280 ’

153 2333 372 2401 conjunctissimo
398 2338 426 2387 et
454 2335 637 2388 amantissimo
662 2336 775 2400 vixerat,
802 2339 904 2403 quanta
929 2322 1028 2388 essetX

153 2410 291 2463 homiuum
312 2410 355 2463 vel
379 2409 524 2464 admiratio
546 2411 588 2463 vel
611 2410 728 2478 querela
773 2417 795 2464 3.
823 2411 921 2478 Itaque
942 2415 1001 2464 tum

154 2487 288 2554 Scaevola,
301 2504 385 2556 quum
400 2487 428 2540 in
441 2503 502 2541 eam
514 2487 602 2556 ipsam
617 2485 783 2540 montionem
798 2486 945 2552 incidisset,
957 2503 1002 2539 ex-

153 2563 244 2632 posuit
262 2563 340 2618 uobis
359 2581 511 2618 sermonem
533 2564 618 2618 Laelii
638 2562 674 2616 do
692 2563 811 2617 amioItia
827 2563 950 2618 habitum
967 2565 1002 2617 ab

153 2640 199 2692 illo
216 2657 307 2694 seeum
320 2644 422 2695 etcum
438 2642 525 2694 altero
540 2657 641 2710 genero
655 2641 684 2694 C.
698 2640 802 2694 Fannio
817 2640 854 2694 M.
868 2641 897 2693 F.
910 2642 1002 2708 paucis

154 2716 252 2782 diebus
270 2721 463 2785 postmortem
482 2718 612 2772 Africani.
651 2717 719 2785 Ejus
735 2718 928 2786 disputationis
945 2735 1003 2770 son-

154 2795 255 2846 tentias
269 2796 415 2848 memoriae
430 2795 566 2858 mandavi,
581 2812 649 2863 quas
663 2795 715 2848 hoe
727 2794 796 2848 libro
808 2795 921 2864 exposui
934 2795 1004 2848 arbi-

155 2873 230 2925 tratu
248 2888 322 2936 mo03
346 2873 423 2939 quasi
439 2871 510 2924 euim
528 2872 602 2939 ipsos
618 2871 713 2924 induxi
731 2871 879 2938 loquentes
897 2888 931 2924 ne
951 2871 1003 2922 ‘in-

155 2947 245 3014 quam'
260 2953 288 3000 ot
300 2947 413 3016 ‘inquit’
428 2948 536 3016 saepius
552 2949 780 3016 interponeretur,
793 2951 876 3015 atque
891 2952 922 3001 ut
935 2951 1003 3000 tam—

155 3037 237 3088 quam
260 3039 277 3075 a
300 3024 487 3092 praesentibus
511 3040 601 3078 eoram
625 3023 720 3077 haberi
745 3041 833 3077 sermo
856 3023 1002 3076 videretur.

158 3095 247 3158 Quum
264 3099 336 3152 enim
351 3115 431 3171 saepe
446 3117 551 3154 meeum
566 3115 663 3168 ageres
676 3103 708 3151 ut
721 3100 756 3152 de
770 3098 890 3152 amicitia
906 3097 1003 3150 scribe

159 3185 215 3226 rom
233 3170 341 3240 aliquid,
361 3175 443 3241 digua
461 3177 527 3232 aiibi
549 3192 593 3230 res
612 3191 694 3244 quum
714 3175 832 3228 (asinium
852 3172 1004 3240 cognitione
