2256 3448
303 135 371 198 LIB.
388 137 451 198 111,
466 137 544 188 CAP.
559 140 592 188 V.
608 139 667 202 Vl,
680 139 693 200 §
707 143 795 190 21-28.
926 144 972 190 157

128 221 277 288 lestiasque
297 220 436 289 suscipere
451 221 609 275 imitantem
625 225 775 277 Herculem
789 223 877 292 illum,
889 239 972 291 quem

127 300 275 353 hominum
287 299 361 352 fama
378 301 574 354 beneficiorum
586 319 691 356 memor
706 304 736 356 in
751 304 870 356 concilio
886 307 972 357 caele·

127 381 212 434 stium
228 381 387 448 collocavit,
398 397 483 448 quam
494 385 588 435 vivere
603 383 634 435 in
649 384 802 437 solitudine
817 401 875 436 non
888 386 972 437 modo

127 461 186 513 sine
199 460 266 512 ullis
278 461 422 528 1111111111,
433 463 482 514 sed
496 462 580 540 etiam
593 463 623 514 iu
636 463 766 516 maximis
778 465 971 534 voluptatibus

127 540 318 594 abundantem
332 541 461 593 omnibus
474 541 571 610 copim,
581 547 614 594 ut
624 544 743 595 excellas
756 543 840 596 etiam
849 545 971 614 pulchri·

126 621 228 674 tudine
243 625 272 674 et
284 621 398 675 viribus.
430 622 566 688 Quocirca
582 622 690 698 optimo
706 623 824 691 quisque
839 630 867 676 et
883 626 972 692 splen-

127 697 275 754 didiseiruo
295 701 410 770 ingenio
431 703 515 770 longe
533 703 609 754 illam
625 703 714 756 vitam
732 705 799 756 huie
817 706 969 774 anteponit.

126 785 170 835 Ex
181 797 238 850 quo
249 781 367 834 efficitur
378 782 518 834 hominem
528 787 643 835 naturae
658 783 853 837 oboedientem
863 785 971 836 homiui

126 879 227 917 nocere
242 879 299 915 non
313 879 402 932 posse.
441 865 483 916 26.
503 863 614 915 Deinde
630 865 680 932 qui
698 867 815 930 alterum
831 865 925 933 violat,
939 872 970 917 ut
1009 889 1011 892 ·

127 945 189 1015 ipse
203 943 312 1013 aliquid
326 943 467 996 commodi
484 951 675 1014 consequatur,
684 951 733 999 aut
745 947 817 998 nihil
825 937 971 998 ‘existimat

126 1025 257 1080 sefacere
273 1030 370 1078 contra
385 1030 514 1078 naturam
531 1034 580 1078 aut
594 1027 685 1097 magis
699 1027 862 1096 fugiendam
878 1033 971 1080 censet

126 1112 252 1176 mortem,
263 1099 464 1176 paupertatem,
476 1108 609 1175 dolorem,
618 1108 794 1160 amis'sioncm
806 1109 891 1160 etiam
903 1108 970 1160 libe-

126 1185 969 1256 rorum,p1·opiuquorum,.amicorum,quamsacerecuiquam

125 1267 265 1321 iniuriam.
305 1266 334 1318 Si
347 1265 419 1317 nihil
437 1267 578 1328 existimat
593 1274 690 1320 contra
704 1271 833 1320 naturam
845 1268 904 1320 fieri
920 1269 969 1319 ho-

126 1349 249 1402 minibus
264 1347 414 1412 violandia
430 1348 500 1417 quid
519 1364 583 1401 cum
601 1365 634 1400 eo
653 1347 777 1414 (11111111,
791 1347 841 1414 qui
856 1347 969 1399 omniuo
987 1384 991 1388 -

125 1429 270 1482 hominem
289 1444 323 1480 ex
343 1428 456 1480 homine
475 1429 576 1482 tollatl
614 1427 662 1480 Sin
677 1427 845 1496 fugiendum
863 1425 895 1478 id
911 1426 970 1492 qui-

126 1510 191 1562 dem
207 1513 309 1580 censet,
323 1509 373 1561 sed
391 1511 481 1561 multo
499 1509 549 1560 illa
566 1507 669 1578 peiora,
683 1513 808 1574 mortem,
821 1512 968 1576 pauperta-

125 1594 191 1658 tem,
202 1589 336 1656 dolorem,
347 1594 419 1641 errat
432 1589 462 1640 in
475 1605 516 1657 ec,
527 1589 605 1657 quod
617 1589 706 1640 ullum
721 1592 770 1640 aut
785 1586 908 1655 corporis
921 1591 970 1638 aut

125 1665 255 1721 fortunae
275 1669 377 1722 vitium
395 1669 473 1723 vitiis
495 1669 581 1720 animi
603 1667 716 1737 gravius
738 1667 887 1720 existimat.
918 1667 968 1720 VI.

125 1750 201 1818 Ergo
217 1765 305 1801 unum
319 1751 404 1802 debet
419 1765 476 1802 esse
491 1749 621 1800 omuibus
634 1747 816 1817 propositum,
827 1752 860 1800 ut
872 1747 970 1800 eadem

126 1830 161 1882 sit
174 1829 284 1882 utilitas
296 1830 380 1882 unius
395 1829 529 1897 cuiusque
545 1834 573 1880 11
587 1829 788 1895 universorum,
801 1844 885 1896 quam
897 1827 921 1881 si
933 1828 970 1880 ad

126 1927 154 1962 11
167 1910 286 1979 quisque
300 1910 397 1979 rapiet,
409 1909 577 1962 dissolvetur
586 1909 677 1961 omnis
686 1910 809 1962 humana
821 1908 968 1962 consortio.

126 1992 280 2058 27.'Atque
301 1991 433 2058 etiamsi
453 1991 508 2042 hoc
529 1995 629 2043 natura
648 1983 866 2059 praescribit,ut
885 1991 969 2041 homo

127 2071 244 2138 homini,
255 2071 424 2138 quicumque
439 2070 483 2138 sit,
495 2071 531 2122 ob
545 2087 606 2122 eam
620 2069 711 2138 ipsam
727 2085 846 2136 causam,
857 2069 933 2136 quod
946 2068 970 2118 is

127 2153 213 2205 homo
229 2151 273 2218 sit,
284 2153 443 2204 consultum
455 2151 531 2218 velit,
546 2166 657 2203 necesse
673 2153 716 2201 est
731 2149 884 2201 secuudum
899 2164 970 2200 eam-

126 2234 192 2286 dem
217 2237 347 2285 uaturam
374 2231 499 2284 omnium
522 2231 675 2283 utilitatem
702 2245 760 2281 esse
786 2244 969 2280 communem.

127 2313 210 2380 Quod
227 2312 251 2364 si
266 2312 307 2364 ita
322 2315 371 2380 111,
384 2328 441 2364 111
455 2310 630 2365 continemur
645 2325 741 2361 omnes
757 2312 785 2360 et
795 2308 897 2360 ¹eudem
909 2309 971 2375 lege

126 2399 253 2460 naturae,
267 2391 353 2460 idque
371 2391 464 2460 ipsum
482 2391 506 2443 si
520 2390 562 2443 ita
581 2395 630 2457 111,
644 2395 718 2441 certe
734 2387 837 2442 violare
853 2388 970 2438 alterum

106 2517 110 2524 .
126 2479 243 2527 naturae
256 2474 319 2541 lege
332 2471 520 2541 prohibemur.
552 2471 656 2525 Verum
669 2472 761 2521 autem
773 2467 910 2536 primum:
926 2483 971 2519 vc·

127 2571 189 2606 rum
205 2553 293 2622 igitur
308 2557 471 2604 extremum,
510 2553 552 2604 28.
573 2551 647 2604 Nam
661 2549 735 2601 illud
748 2548 863 2616 quidem
879 2548 971 2599 absur-

127 2635 195 2687 dum
218 2639 267 2700 est,
282 2632 358 2702 quod
379 2633 495 2700 quidam
517 2631 624 2699 dieunt,
639 2629 750 2700 parenti
771 2646 800 2682 11
820 2633 869 2681 111
887 2626 968 2680 fratri

127 2715 201 2767 nihil
216 2714 390 2766 detracturos
409 2713 452 2764 sui
471 2711 614 2764 commodi
633 2727 723 2777 causa,
737 2709 821 2762 aliam
835 2708 972 2761 rationem

127 2811 187 2848 esse
209 2793 314 2847 civium
334 2793 512 2860 reliquorum.
549 2791 589 2844 Hi
610 2791 665 2843 sibi
684 2790 757 2843 nihil
776 2789 853 2857 iuris,
866 2791 972 2842 nullam

128 2875 291 2928 societatem
316 2873 471 2926 communis
496 2871 628 2924 utilitatis
655 2887 738 2924 causa
763 2874 890 2923 statuunt
915 2881 972 2920 esse

128 2971 193 3008 cum
206 2954 322 3021 civibuS,
334 2969 405 3020 quae
421 2952 559 3004 sententia
575 2967 685 3003 omnem
698 2951 859 3003 societatem
874 2947 972 3000 distru-

67 3102 71 3108 .
128 3037 172 3088 1111
187 3035 319 3088 civitatis,
351 3033 407 3100 Qui
422 3039 515 3086 autem
530 3032 635 3084 civium
656 3031 793 3084 rationem
809 3029 908 3081 dicunt
924 3028 971 3078 lm·

128 3117 258 3181 bendum,
275 3119 451 3166 externorum
469 3118 587 3194 negant,
599 3112 620 3164 ii
639 3111 777 3164 dirimunt
796 3123 971 3161 communem

261 3191 293 3241 13
