2256 3448
154 142 202 189 106
464 139 515 188 DE
532 137 686 188 OFFICIIS

153 223 246 276 Catali
260 222 349 292 patris
363 221 455 289 frater,
465 221 536 274 vicit
550 237 654 289 omncs,
665 224 697 274 ut
711 221 741 272 ia
756 219 806 274 illo
819 221 881 291 ipso
896 221 997 275 forensi

153 319 254 372 genere
267 302 382 356 dicendi
395 301 588 354 contentiones
600 301 717 354 aliorum
730 309 855 355 sermone
865 302 996 356 viaceret.

153 384 186 436 Ia
201 382 332 436 omnibus
345 382 435 452 igitur
448 381 493 434 his
512 382 712 435 elaborandum
729 388 778 450 est,
792 383 816 434 si
830 383 860 435 ia
877 383 955 436 omni
969 399 997 435 re

153 463 223 531 quid
238 464 337 516 deceat
352 462 530 532 exquirimus.
569 463 628 516 134.
653 462 696 516 Sit
710 479 777 532 ergo
792 463 840 516 hic
856 479 955 531 senno,
967 463 997 515 in

152 560 209 612 qno
222 545 358 599 Socratici
371 544 493 598 maxime
509 545 657 612 excellunt,
668 544 738 596 lenis
752 544 925 612 minimeque
938 561 997 614 per-

152 625 239 694 tinax,
248 626 315 680 insit
324 626 356 679 in
365 642 398 680 eo
408 627 493 696 lepos.
526 625 997 694 Necver0,tamquaminposscssi-

152 722 233 760 onem
246 724 325 762 suam
337 706 453 774 venerit,
464 706 597 759 excludat
610 705 687 773 alios,
698 707 748 758 sad
761 721 824 758 cum
837 705 953 775 reliquis
967 705 997 758 in

151 787 234 841 rebus
242 794 304 841 tum
312 787 343 840 in
353 802 478 840 sermone
491 785 633 840 communi
642 785 866 840 vicissitudinem
875 803 934 839 non
945 785 996 838 ini·

152 883 237 935 quam
249 872 338 937 patet.
374 869 417 919 Ac
430 867 527 920 videat
540 867 571 918 in
585 866 683 936 primis
697 867 800 934 quibus
812 867 848 919 de
862 867 945 919 rebus
957 867 996 918 lo-

151 953 268 1014 quatur:
287 947 311 1001 si
326 947 412 1014 scriis,
422 946 599 1001 severitatem
614 947 757 1015 adhibeat,
766 947 790 1000 si
802 946 912 1014 iocosis,
922 949 997 1016 lepo-

150 1042 216 1082 rem.
253 1026 288 1079 In
297 1025 449 1096 prImisque
459 1027 607 1096 provideat
616 1043 754 1083 nesermo
764 1026 867 1080 vitlem
880 1026 996 1096 aliquod

150 1105 259 1159 indicet
277 1107 367 1160 inesse
387 1107 419 1159 in
439 1107 579 1162 moribus:
604 1108 682 1176 qaod
701 1108 823 1161 maxime
842 1111 905 1160 tum
926 1109 997 1161 solet

151 1187 269 1256 evenire,
283 1203 347 1240 cum
362 1188 487 1242 studiose
502 1189 538 1241 dc
552 1188 715 1242 absentibus
730 1189 898 1242 detrahendi
912 1205 996 1243 causa

151 1272 201 1320 aut
214 1285 264 1338 per
281 1267 432 1322 ridiculum
450 1273 499 1322 aut
515 1285 616 1339 severe,
629 1269 766 1322 maledice
784 1269 995 1323 contumeliose·

151 1364 205 1416 que
219 1349 330 1405 dicitur.
368 1352 427 1404 135.
447 1351 595 1403 Habentur
609 1355 702 1403 autern
714 1351 880 1419 plerumque
895 1367 995 1404 sermo-

150 1445 200 1483 nes
218 1436 267 1484 aut
282 1432 318 1484 de
333 1429 495 1484 domesticis
512 1429 635 1500 negotiis
652 1435 701 1485 aut
717 1432 753 1484 de
770 1431 931 1499 republica
947 1437 996 1484 aut

151 1510 187 1563 de
199 1512 302 1564 artium
314 1511 416 1566 studiis
427 1517 511 1579 atquc
524 1511 661 1565 doctrina.
698 1512 800 1565 Danda
811 1511 901 1580 Igitur
912 1528 996 1580 opera

150 1597 192 1644 est
204 1597 244 1662 ut,
255 1593 340 1646 etiam
352 1593 376 1646 si
388 1593 515 1646 aberrare
527 1593 566 1646 ad
578 1593 632 1645 alia
644 1593 774 1662 coeperit,
786 1593 823 1646 ad
836 1594 906 1645 haec
918 1609 995 1646 revo

151 1677 229 1726 cetur
243 1674 339 1742 oratic,
353 1675 404 1727 sed
418 1677 571 1742 utcumque
586 1674 721 1728 aderunt:
743 1690 834 1742 neque
852 1674 927 1727 enim
944 1674 995 1727 eis-

151 1753 216 1804 dem
229 1754 265 1806 de
277 1755 360 1806 rebus
372 1771 424 1807 nee
439 1753 652 1824 omnitempore
666 1763 719 1808 nec
733 1753 862 1808 similiter
874 1755 995 1808 delecta·

150 1846 219 1885 mur.
262 1833 553 1898 Animadvertendum
575 1839 617 1888 est
638 1835 724 1888 etiam
746 1839 883 1902 quatenus
904 1851 995 1888 sermo

150 1912 365 1965 delectationem
379 1914 483 1968 habeat
497 1920 533 1984 et,
546 1919 578 1968 ut
593 1915 750 2018 inalpientli
764 1919 807 1968 rat
808 1915 835 1968 io
795 1915 941 1985 tfuerit,
953 1916 995 1969 ita
1079 1949 1088 1956 -

150 1992 187 2045 sit
199 1993 346 2046 desinendi
358 1995 467 2048 modus.

184 2073 345 2153 XXXVIII.
372 2071 430 2130 136.
461 2075 517 2130 Sed
536 2092 593 2144 quo
612 2076 725 2130 modo
716 2093 747 2128 1n
765 2075 842 2128 omni
860 2075 921 2129 vlta
938 2091 995 2129 ree-

149 2141 255 2206 tissime
267 2153 437 2248 praecipitur
452 2160 485 2208 ut
496 2156 722 2248 perturbationes
736 2156 886 2226 fugiamus,
896 2156 929 2208 id
943 2160 993 2224 est,

149 2240 241 2288 motus
250 2235 337 2288 animi
349 2235 451 2288 nimios
461 2236 564 2289 rationi
574 2253 631 2288 non
644 2237 876 2306 obtemperantes,
884 2237 924 2288 sic
934 2236 994 2288 eius

148 2317 227 2369 modi
241 2317 364 2370 motibus
380 2333 469 2371 sermo
484 2318 569 2370 debet
585 2333 691 2385 vacare,
704 2335 740 2370 nc
758 2322 807 2370 aut
824 2317 866 2370 ira
879 2317 994 2370 exsistat

148 2402 197 2448 aut
215 2397 357 2466 cupiditas
372 2398 466 2466 aliqua
481 2402 529 2450 aut
543 2397 661 2467 pigritia
680 2403 729 2450 aut
743 2397 859 2467 ignavia
874 2403 923 2451 aut
937 2400 993 2451 tale

135 2475 257 2551 ¹aliquid
278 2482 420 2547 appareat,
439 2477 617 2545 maximeque
641 2479 797 2531 curandum
821 2484 863 2530 est
884 2484 916 2530 ut
936 2494 992 2544 eos,

148 2555 315 2621 quibuscum
330 2573 484 2610 sermonem
500 2557 680 2626 conferemus,
689 2563 718 2610 et
730 2557 818 2610 vereri
834 2562 861 2609 at
874 2557 993 2627 diligere

147 2634 301 2690 videamur.
339 2637 556 2706 Oqurgationes
575 2638 661 2692 etiam
678 2653 736 2690 non
752 2654 906 2706 numquam
924 2638 993 2690 iaci-

148 2713 220 2766 dunt
239 2716 417 2784 necessariae,
433 2717 463 2769 in
485 2718 587 2786 quibus
608 2719 745 2772 utendum
766 2723 808 2771 est
826 2718 943 2771 fortasse
965 2724 993 2770 et

147 2793 225 2847 vocis
242 2796 421 2849 contentione
438 2797 542 2850 maiore
559 2802 588 2850 et
603 2799 751 2852 verborum
767 2799 907 2867 gravitate
925 2798 993 2851 acri·

147 2889 201 2941 ore,
216 2873 248 2926 id
268 2876 408 2944 agendum
431 2877 523 2944 etiam,
539 2882 572 2929 ut
590 2871 623 2930 ca
644 2877 734 2931 facere
751 2879 898 2932 videamur
919 2878 991 2932 irati.

148 2955 211 3022 Sed,
227 2959 260 3008 ut
278 2955 314 3008 ad
334 2957 472 3009 urendum
492 2962 521 3010 et
538 2959 698 3024 secandum,
714 2959 754 3011 sic
774 2959 811 3012 ad
830 2959 884 3010 hoc
904 2973 993 3028 genus

147 3035 306 3105 castigandi
323 3052 386 3089 raro
403 3036 541 3103 invitique
557 3037 705 3104 veniemus
719 3054 771 3090 nec
788 3054 921 3106 umquam
938 3038 993 3090 nisi

147 3116 310 3183 necessario,
320 3114 343 3168 si
355 3115 434 3168 nulla
444 3114 595 3182 reperietur·
605 3116 660 3168 alia
669 3117 822 3170 medicina:
839 3118 887 3170 scd
900 3123 992 3171 tamen
