2256 3448
257 139 326 188 ura.
343 139 377 200 1.‚
394 137 472 188 car.
488 139 586 188 xurv.
603 139 697 202 xuv„
715 139 729 200 o
746 143 865 192 rar-161.
938 145 984 190 115

138 221 229 291 pluris
243 222 280 275 sit
296 237 380 290 quam
395 221 519 292 cogitare
534 223 693 291 prudenter.
731 223 826 292 Atque
841 226 910 278 haec
925 225 985 292 qui-

140 305 205 356 dem
218 303 360 356 haetenus.
398 301 560 355 Patefactus
573 303 647 355 enim
659 305 738 356 locus
750 311 792 356 est
804 304 872 373 ipse,
883 310 915 357 ut
927 322 985 357 non

33 383 36 390 '
139 383 254 436 difficile
269 383 305 436 sit
317 383 348 434 in
363 383 536 450 exquirendo
552 383 644 435 officio
661 383 730 450 quid
743 385 844 452 cuique
859 385 895 438 sit
908 401 985 454 prae-

139 465 302 533 ponendum
317 463 420 518 videre.
458 465 492 516 In
508 464 570 532 ipsa
588 470 682 516 autem
701 465 902 526 communitate
920 474 985 518 sunt

139 545 244 613 gradus
269 543 431 611 officiorum,
455 561 489 597 ex
515 543 618 612 quibus
643 544 713 612 quid
738 545 839 612 cuique
863 552 985 615 praestet
1087 565 1090 570 ’

127 623 267 694 -intellegi
285 625 382 693 possit,
400 631 432 676 ut
450 624 542 694 prima
563 625 608 677 dis
629 625 844 694 immortalibus,
862 628 985 679 secunda

139 704 254 774 patriae,
269 704 353 757 tertia
371 705 542 774 parentibus,
557 706 690 775 deinceps
709 706 852 775 gradatim
870 706 985 775 reliquis

140 785 302 838 debeantur.
341 786 400 838 161.
423 785 532 852 Quibus
549 803 584 838 ex
599 787 682 840 rebus
696 786 819 840 breviter
834 787 985 857 disputatis

139 865 268 934 intellegi
280 869 374 934 potest
386 881 443 918 non
456 867 547 919 solum
558 866 590 919 id
603 867 730 920 homines
745 869 832 922 solere
845 867 984 934 dubitare,

140 945 323 998 honestumne
339 961 375 997 an
389 949 471 1016 turpe
486 947 530 1014 sit,
542 947 592 1000 sed
607 948 692 1001 etiam
707 949 819 1002 duobus
833 949 985 1019 propositis

140 1025 266 1078 honestis
283 1030 378 1078 utrum
392 1027 545 1081 honestius.
584 1029 638 1080 Hic
652 1031 729 1080 locus
747 1047 764 1081 a
779 1031 914 1083 Panaetio
933 1034 983 1098 est,

140 1111 171 1158 ut
184 1123 267 1175 supra
280 1105 349 1174 dixi,
359 1107 575 1175 praetermissus
615 1107 671 1160 Sed
682 1107 739 1159 iam
754 1109 791 1160 ad
804 1109 911 1178 reliqua
923 1127 984 1179 per·

139 1201 246 1254 gemus.
