2256 3448
273 130 343 178 LIB.
360 129 487 189 1.,cn1’.
504 129 680 190 xu-xuu,
697 127 712 188 ἕ
727 129 848 178 145-151.
938 134 981 178 lll

139 213 199 266 sino
210 229 266 282 qua
276 213 348 265 nihil
358 217 464 266 rectum
475 229 533 266 esse
542 218 643 283 potest,
652 213 724 266 nihil
734 214 890 267 honestum.
926 215 984 267 149.

138 297 196 348 Eos
214 301 315 362 autem,
331 310 450 362 quorum
468 295 527 347 vita
546 300 693 364 perspecta
711 294 741 346 in
760 295 844 347 rebus
862 295 986 347 honestis

140 381 225 444 atque
236 375 345 444 magnis
354 381 404 442 est,
415 376 531 430 beneda
544 374 696 444 republica
709 374 862 428 sentientes
874 392 906 428 ac
915 376 986 428 bene

89 487 96 502 ι
139 456 254 510 meritos
266 461 314 508 aut
327 464 463 526 morantes
476 455 524 523 sic,
534 460 567 508 ut
579 455 673 523 aliquo
686 456 791 508 honore
807 461 857 509 aut
868 455 986 526 imperio

140 536 276 604 adfectos,
290 536 437 590 observare
456 540 484 588 et
500 537 590 588 colere
608 536 750 602 debemus,
763 535 883 589 tribuere
903 536 987 590 etiam

140 619 261 670 multum
282 616 427 684 senectuti,
442 617 541 670 cedere
562 616 605 685 iis,
621 615 670 684 qui
691 615 886 685 magistratum
904 619 987 670 habc-

139 699 220 766 bunt,
235 698 338 750 habere
358 698 499 750 delectum
520 696 591 752 civis
612 702 641 749 et
658 696 801 766 peregrini
819 697 850 750 iu
869 699 987 766 ipsoque

140 779 287 849 peregrino
307 778 477 848 privatimne
501 795 537 830 au
558 777 671 848 publice
685 777 808 832 'venerit
845 779 894 831 Ad
916 795 988 831 sum-

140 876 223 926 mam,
236 876 272 912 ne
291 875 373 928 agam
388 859 424 911 de
443 857 569 927 singulis,
583 875 760 912 communem
773 857 862 915 totius
878 859 988 928 generis

140 939 288 992 hominum
313 939 540 992 conciliationem
569 944 597 992 et
624 939 859 993 consociationem
889 941 986 1008 colere,

140 1020 222 1087 tueri,
236 1036 343 1075 servare
359 1020 500 1074 debemus.
537 1020 625 1074 XLII,
648 1022 708 1074 150.
731 1021 791 1073 Iam
809 1021 845 1074 de
863 1019 988 1074 artificiis

141 1106 170 1154 et
185 1101 353 1170 quaestibus,
367 1100 416 1169 qui
433 1099 713 1167 liberaleshabcndi,
727 1100 776 1168 qui
794 1101 905 1154 sordidi
923 1100 987 1170 sint,

140 1181 212 1234 haee
229 1180 286 1234 fere
304 1181 471 1249 accepimus.
508 1181 634 1236 Primum
652 1180 849 1248 improbantur
865 1181 888 1232 ii
907 1178 987 1248 quae-

141 1267 210 1328 stus,
220 1261 270 1330 qui
282 1261 313 1314 in
325 1260 392 1314 odia
404 1261 550 1312 hominum
561 1261 716 1328 incurrunt,
726 1263 758 1311 ut
770 1260 946 1328 portitorum,
956 1265 989 1313 ut

141 1341 335 1396 feneratorum.
374 1341 528 1394 Illiberales
552 1345 646 1393 autem
671 1345 699 1392 et
724 1339 843 1400 sordidi:
859 1345 988 1408 quaestus

141 1421 375 1492 mercenariorum
390 1420 524 1486 omnium,
538 1435 665 1487 quorumv
674 1435 784 1488 operae,
798 1435 855 1471 non
870 1436 988 1488 quorum

142 1508 216 1555 artes
232 1506 376 1555 emuntur:
399 1505 441 1552 est
455 1499 530 1552 enim
546 1499 577 1552 in
593 1498 650 1551 illis
668 1498 730 1568 ipsa
746 1515 851 1552 merces
865 1504 990 1552 auctora·

112 1608 114 1611 v
142 1589 269 1635 mentum
287 1579 447 1640 servitutis,
474 1578 590 1632 Sordidi
609 1578 693 1632 etiam
711 1579 833 1648 putandi
852 1579 902 1647 qui
919 1595 988 1632 mer-

143 1665 242 1714 cantur
265 1677 282 1714 a
305 1659 505 1723 mercatoribus
530 1659 608 1728 quod
632 1658 727 1712 statim
748 1660 888 1724 vendant:
916 1659 989 1712 nilril

143 1741 219 1794 enim
235 1741 390 1811 proficiant,
408 1740 463 1793 nisi
482 1739 637 1793 admodum
656 1738 836 1807 mentiantur,
852 1755 904 1792 nec
922 1756 989 1792 voro

143 1828 186 1876 est
197 1822 354 1891 quidquam
366 1821 476 1890 turpius
487 1820 638 1875 vanitate„-
660 1819 835 1889 Opificesque
848 1836 945 1874 omnes
959 1820 989 1873 in

143 1904 258 1958 sordida
270 1907 328 1958 arte
340 1906 497 1957 versantur:
515 1917 572 1954 nec·
580 1901 654 1954 enim
667 1901 823 1969 quidquam
835 1901 989 1971 ingenuum

143 1986 246 2042 habere
260 1988 353 2054 potest
368 1982 486 2050 officina.
523 1981 696 2050 Minimeque
713 1986 785 2035 artes
802 1982 855 2035 hae
869 1983 989 2052 proban-

144 2066 205 2134 dae,
216 2082 286 2134 quae
298 2064 440 2118 ministrae
453 2067 519 2116 sunt
531 2065 717 2132 voluptatum,

288 2184 389 2241 Cetarli,
399 2183 468 2241 lanii,
478 2182 561 2240 coqui,
571 2177 687 2238 sartores,
697 2181 845 2238 piscatores,

124 2303 177 2358 'ut
195 2303 236 2357 ait
250 2302 403 2356 Terentius,
440 2300 525 2354 Adde
544 2299 608 2366 huc,
622 2297 645 2368 si
663 2299 764 2367 placet,
777 2296 988 2366 unguentarios,

145 2386 289 2437 saltatores
302 2389 448 2451 totumque
460 2381 561 2433 ludum
572 2377 711 2432 talarium.
747 2380 806 2430 151.
823 2377 931 2441 Quibus
943 2394 989 2430 au·

145 2470 202 2518 tem
215 2465 322 2517 artibus
337 2468 386 2516 aut
397 2461 550 2532 prudentia
564 2460 654 2512 maior
665 2459 740 2512 inest
752 2463 800 2511 aut
812 2474 870 2510 non
885 2458 989 2511 medio-

145 2545 199 2599 cris
214 2545 321 2598 utilitas
337 2543 486 2612 quaeritur,
500 2547 532 2594 ut
547 2539 695 2606 medicina,
705 2544 737 2592 u't
753 2539 990 2606 architecturam

146 2627 275 2680 doctrina
287 2642 379 2678 rerum
391 2626 578 2688 honestarum,
590 2639 637 2676 eae
651 2626 716 2674 suut
729 2621 772 2688 iis,
782 2637 900 2689 quorum
915 2621 990 2674 ordi·

145 2708 176 2760 ni
194 2707 373 2772 conveniunt,
388 2707 528 2758 honestae.
565 2705 722 2756 Mercatura
740 2708 840 2769 autem,
857 2702 880 2754 si
898 2701 990 2754 tenuis

145 2794 195 2856 est,
205 2789 320 2840 sordida
334 2788 461 2856 putanda
474 2790 531 2837 est:
550 2784 594 2836 sin
609 2800 711 2852 magna
725 2788 754 2836 et
768 2783 891 2852 copiosa,
900 2785 990 2835 multa
1067 2809 1074 2822 ·

144 2869 272 2936 undique
286 2875 436 2936 apportans
449 2865 599 2932 multisque
612 2864 672 2917 sine
681 2863 806 2918 vanitate
818 2863 988 2932 impertiens,

145 2965 203 3010 non
219 2954 261 3000 est
276 2947 429 3000 admodum
443 2945 637 3012 vituperanda,
650 2949 734 3011 atque
749 2943 841 3009 etiam,
852 2943 875 2994 si
890 2941 990 2994 satiata

146 3034 264 3098 quaestu
274 3029 319 3080 vel
329 3031 460 3079 contenta
469 3024 572 3094 potius,
583 3029 615 3076 ut
625 3040 706 3093 saepe
717 3041 751 3076 ex
761 3026 818 3076 alto
828 3023 858 3073 in
867 3029 988 3090 portum,

145 3127 180 3164 ex
191 3110 254 3179 ipso
265 3113 348 3178 portu
358 3123 386 3160 se
397 3107 427 3159 in
435 3121 518 3175 agros
527 3104 769 3174 possessionesque
779 3103 906 3170 contulit,
913 3103 989 3154 vide·
