2272 3442
306 133 374 181 ara.
391 131 424 191 1.‚
440 128 518 180 oar.
534 127 704 190 arra-xa,
719 125 835 187 §iota
962 123 994 176 aa

147 214 239 266 minis
248 215 284 266 ad
292 215 398 268 alienos
410 232 467 268 non
479 214 564 268 debet
572 214 694 268 liberalis
703 214 801 269 videri.
830 205 911 267 Nihil
921 213 994 266 enim
1092 207 1095 212 ’

156 299 198 348 est
213 295 327 347 liberale
345 297 423 362 quod
440 312 498 348 non
516 296 592 348 idem
609 296 721 349 iustum.
758 295 801 348 44.
819 295 899 347 Alter
917 297 999 348 locus

156 378 214 428 erat
227 375 364 428 cautionis
378 392 414 428 ne
426 375 587 444 benignitas
598 375 686 428 maior
701 381 771 428 esset
784 391 869 444 quam
880 375 995 428 faculta-

156 460 205 522 tes,
215 455 292 521 quod
305 455 354 522 qui
364 455 541 524 benigniores
553 456 653 508 volunt
665 471 723 512 esse
735 470 819 524 quam
831 471 875 508 res
886 455 994 524 patitur
1042 449 1047 460 '

155 534 278 602 primum
295 535 326 586 in
344 550 377 587 eo
395 539 520 604 peccent,
534 534 615 602 quod.
627 534 755 588 iniuriosi
773 535 883 587 suntin
901 535 993 604 proxi-

155 630 224 667 mos.
262 614 337 680 Quas
351 615 426 666 enim
440 614 535 683 copias
549 614 585 666 iis
597 617 625 667 et
637 615 813 684 suppeditari
826 615 941 682 aequius
953 622 994 667 est

156 699 185 746 et
196 693 325 761 relinqui,
339 709 384 746 eas
396 695 565 746 transferunt
576 694 614 746 ad
626 695 739 748 alienos,
771 696 848 746 Inest
860 699 953 746 autam
964 694 994 746 in

156 773 207 825 tali
220 773 388 826 liberalitate
402 773 863 846 cupiditasplemmque,rapiendi
878 777 907 826 et
920 773 994 826 aufe·

155 853 237 906 rendi
246 870 296 922 per
304 853 442 922 iniuriam,
451 861 483 914 ut
493 855 531 907 ad
538 854 715 923 largiendum
727 849 879 924 suppetant
888 853 993 923 copiae.

155 933 259 988 Videre
273 933 359 998 etiam
374 934 441 986 lieet
454 935 601 1004 plerosque
613 951 670 986 non
682 940 742 990 tam
755 940 855 986 natura
867 933 994 985 liberales
1069 979 1073 987 .

98 1021 109 1040 '
156 1029 239 1081 quam
252 1015 375 1080 quadam
387 1013 481 1083 gloria
493 1015 602 1082 ductos,
614 1005 646 1066 ut
658 1014 775 1068 benefici
787 1014 942 1081 videantur,
955 1013 994 1064 fa-

155 1109 216 1146 cere
226 1095 315 1156 multa
328 1109 399 1162 quae
411 1093 549 1163 proficisci
561 1095 597 1146 ab
610 1095 794 1146 ostentatione
806 1092 897 1162 magis
909 1109 994 1160 quam

155 1191 172 1226 a
186 1175 331 1226 voluntate
343 1173 498 1228 videantur.
527 1174 604 1226 Talis
616 1179 710 1227 autem
722 1172 863 1226 simulatio
875 1172 994 1226 vanitati

155 1257 197 1306 est
217 1254 394 1306 coniunctior
417 1269 502 1320 quam
523 1257 571 1305 aut
590 1253 754 1306 liberalitati
775 1257 823 1304 aut
844 1252 993 1305 honestati.-

154 1335 198 1386 45.
214 1333 402 1386 Tertium·est
417 1332 599 1401 propositum,
612 1337 644 1384 ut
660 1333 691 1384 in
705 1331 886 1384 beneficentia
904 1331 994 1382 deleo-

155 1418 201 1466 tus
215 1418 286 1466 esset
301 1411 465 1482 dignitatis:
484 1412 515 1464 in
530 1427 587 1480 quo
602 1416 630 1464 et
643 1427 734 1464 mores
748 1411 904 1488 eiuserunt
919 1425 993 1478 spee-

155 1493 244 1561 tandi,
257 1493 288 1546 in
304 1509 387 1561 quem
402 1492 567 1546 beneficium
582 1491 744 1559 conferetur,
759 1495 787 1543 et
802 1490 995 1558 animuserga

155 1590 206 1626 nos
218 1577 246 1624 et
256 1573 440 1626 communitas
453 1589 485 1626 ae
497 1573 614 1625 societas
623 1572 697 1625 vitae
712 1575 740 1624 et
753 1571 789 1624 ad
799 1574 907 1622 nostras
919 1571 994 1622 utili-

155 1657 228 1705 tates
243 1652 335 1708 offioia
353 1658 418 1706 ante
437 1655 554 1706 collata:
574 1669 645 1720 quae
664 1656 696 1704 ut
711 1654 877 1705 concurrant
892 1650 992 1720 omnia,
1033 1711 1035 1716 ι

155 1733 280 1802 optabile
295 1737 352 1786 est:
372 1733 396 1785 si
409 1733 509 1800 minus,
522 1734 615 1801 plures
629 1747 728 1786 causae
741 1731 913 1798 maioresque
925 1746 993 1800 pon·

156 1813 229 1865 deris
240 1815 305 1884 plus
314 1813 465 1868 habebunt.
496 1814 558 1868 XV.
578 1814 622 1867 46.
636 1813 774 1879 Quoniam
786 1811 994 1866 autemvivitur

67 1899 69 1904 '
155 1909 212 1946 non
230 1909 294 1946 eum
313 1893 443 1964 perfectis
468 1893 629 1946 hominibus
650 1894 790 1962 planeque
811 1892 992 1962 sapientibus,

155 1973 205 2025 sed
221 1989 285 2026 oum
299 1973 341 2040 iis,
353 1973 383 2026 in
399 1973 501 2040 quibus
518 1974 657 2042 praeclare
675 1972 776 2042 agitur,
789 1972 813 2025 ai
832 1976 896 2024 sunt
911 1971 993 2025 simu-

155 2052 229 2104 lacra
238 2050 358 2118 virtutis,
369 2049 454 2103 etiam
465 2051 520 2103 hoo
531 2051 754 2120 intellegendum
766 2055 844 2120 pute,
854 2049 994 2102 neminem

155 2131 269 2197 omnino
288 2146 347 2182 esse
364 2131 572 2198 neglegendum
589 2131 620 2182 in
638 2145 695 2196 quo
714 2130 808 2197 aliqua
826 2129 994 2198 significatio

155 2210 269 2264 virtutis
288 2215 429 2278 appareat,
445 2210 594 2262 colendum
611 2214 705 2262 antem
721 2209 780 2262 base
797 2211 837 2262 ita
856 2226 993 2276 quemque

154 2289 285 2356 maxime,
299 2295 332 2340 ut
347 2289 464 2356 quisque
478 2289 599 2341 maxime
613 2289 766 2342 virtutibus
784 2289 828 2341 his
842 2289 994 2350 lenioribus

155 2370 209 2423 erit
227 2373 351 2434 ornatus,
367 2368 513 2435 modestia,
526 2368 716 2437 temperantia,
730 2370 783 2421 hac
802 2361 870 2438 ipsa,
885 2368 920 2420 de
939 2385 994 2436 qua

155 2451 244 2504 multa
258 2449 315 2502 iam
331 2449 408 2502 dicta
422 2454 495 2518 sunt,
506 2449 623 2503 iustitia.
661 2450 734 2502 Nam
748 2449 828 2502 fortis
844 2449 952 2502 animus
967 2456 995 2502 et
1091 2511 1099 2528 ι

155 2547 273 2600 magnus
285 2531 315 2582 in
325 2529 438 2582 homine
451 2547 508 2583 non
518 2529 642 2600 perfecto
651 2546 703 2582 nec
715 2529 835 2599 sapienti
844 2529 995 2583 ferventior

155 2613 319 2679 plerumque
329 2616 378 2678 est,
389 2611 454 2663 illae
463 2611 581 2665 virtutes
590 2611 696 2663 bonum
705 2610 795 2664 virum
804 2610 937 2664 videntur
945 2628 994 2680 po*

155 2691 213 2742 tius
231 2691 376 2760 attingere.
414 2691 510 2758 Atque
527 2691 597 2743 haec
615 2691 645 2742 in
663 2690 795 2744 moribus.
832 2692 874 2744 47.
890 2691 933 2743 De
949 2693 993 2743 be-

155 2771 314 2823 nevolentia
330 2774 431 2839 autem,
442 2787 527 2838 quam
542 2773 660 2838 quisque
676 2770 779 2824 habeat
791 2787 857 2840 erga
871 2787 929 2838 nos,
940 2771 994 2840 pri-

144 2845 233 2901 'mum
247 2849 320 2902 illud
335 2855 377 2902 est
391 2849 422 2902 in
436 2849 537 2916 officie,
551 2855 583 2902 ut
596 2850 622 2902 ei
637 2850 788 2919 plurimum
802 2850 964 2915 tribuamus,
978 2864 994 2898 a

156 2945 213 2995 quo
225 2929 376 2996 plurimum
390 2929 550 3000 diligamur,
561 2931 610 2982 sed
623 2930 847 2984 benevolentiam
859 2946 916 2982 non
929 2929 993 2979 ado-

156 3009 371 3060 lescentulorum
380 3025 456 3061 more
467 3010 566 3066 ardore
576 3009 699 3076 quodam
713 3010 822 3076 amoris,
829 3010 880 3060 sed
890 3005 994 3058 stabili-

156 3093 215 3142 tate
224 3088 320 3207 putips
331 3093 361 3140 et
370 3087 528 3141 constantia
539 3087 703 3140 iudicemus.
733 3089 781 3139 Sin
794 3090 875 3136 erunt
886 3080 993 3148 merita,
