2272 3442
81 141 86 152 '
140 155 171 202 ra
449 149 499 198 nu
517 147 669 198 orrrous

175 237 210 288 X.
248 235 289 287 31.
307 234 363 286 Sed
377 233 508 284 incidunt
526 248 607 300 saepe
623 235 757 300 tempora,
766 247 835 283 eum
853 247 893 299 ea,
907 247 980 299 quae

138 314 259 367 maxime
268 313 401 365 videntur
410 312 498 382 digna
511 329 568 365 esse
580 313 653 364 iusto
666 311 780 364 homine
790 327 885 379 eoque,
897 329 979 380 quem

139 395 230 448 virum
243 394 348 446 bonum
364 392 492 460 dicimus,
506 395 714 465 commutantur
727 391 856 458 fiuntque
872 398 979 445 contra·

139 474 187 541 ria,
200 477 233 525 ut
247 473 365 526 reddere
382 473 548 542 depositum,
561 472 650 525 facete
662 472 838 541 promissum,
853 489 980 540 quaeque

139 553 279 622 pertinent
297 555 334 606 ad
348 553 494 608 veritatem
509 561 537 606 et
555 555 593 606 ad
607 553 699 620 fidem,
713 569 746 604 ea
764 553 882 621 migrare
897 553 980 604 inter-

140 634 208 686 dum
221 638 249 686 et
260 650 317 686 non
330 650 437 688 servare
449 635 482 686 fit
493 633 605 686 iustum,
642 631 749 684 Referri
761 631 835 684 enim
848 632 929 684 decet
942 634 980 684 ad

139 730 179 779 ea,
189 730 260 781 quae
269 714 351 784 posui
358 713 506 784 principio,
515 712 697 765 fundamenta
705 711 843 764 iustitiae:
858 711 980 780 primum

120 840 123 846 .
140 799 171 845 ut
189 795 286 846 necui
303 799 444 868 noceatur,
458 793 561 844 deinde
580 797 611 844 ut
630 791 773 844 communi
790 791 908 844 utilitati
926 808 980 844 ser·

139 873 239 927 viatur.
278 875 320 926 Ea
338 889 401 926 cum
419 878 543 960 tempore
564 877 779 938 commutantur,
793 876 981 924 commutatur

140 953 262 1005 officium
275 957 303 1004 et
315 969 373 1004 non
386 969 493 1020 semper
493 941 548 1004 cst
560 951 644 1006 idem.
682 955 724 1006 32
740 954 838 1004 Potest
850 952 924 1004 enim
937 969 980 1004 ae·
998 991 1000 994 -

140 1032 232 1084 cidere
251 1031 420 1100 promissum
439 1031 560 1124 aliquod
575 1037 603 1084 et
621 1035 741 1114 convent
742 1048 797 1099 um,
811 1037 844 1084 ut
862 1032 893 1085 id
908 1032 981 1084 effici

140 1113 177 1164 sit
190 1111 290 1164 inutile
302 1113 348 1166 vel
364 1111 398 1178 ei,
412 1111 458 1164 cui
470 1112 637 1180 promissum
652 1081 701 1180 sit,
707 1113 791 1164 vel'
768 1129 793 1165 er
795 1112 865 1180 ,qui
878 1113 982 1181 promi-

140 1190 213 1244 serit.
250 1191 354 1244 Nam'
334 1207 365 1259 si,
374 1191 444 1243 utin
455 1191 557 1244 sabulis
567 1196 608 1244 est
609 1193 773 1260 ,Neptunus
786 1193 863 1259 quod
873 1193 982 1244 Theseo

139 1270 304 1341 promiserat
323 1288 381 1324 non
399 1271 517 1339 fecisset,
531 1273 652 1326 Theseus
671 1271 830 1340 Hippolyto
848 1272 906 1324 filio
924 1289 982 1324 non

141 1356 211 1404 esset
232 1352 352 1406 orbatus.
389 1353 433 1404 Ex
452 1353 543 1404 tribus
565 1352 775 1420 enim,optatis,
790 1357 823 1404 ut
843 1352 981 1419 scribitur,

141 1433 195 1485 hoe
215 1435 273 1485 erat
291 1432 414 1500 tertium,
431 1434 509 1500 quod
531 1433 567 1484 de
588 1431 739 1500 Hippolyti
759 1431 876 1484 interitu
895 1432 983 1484 iratus

141 1512 266 1580 optavit:
292 1529 348 1580 quo
370 1512 521 1581 impetrato
545 1511 576 1562 in
596 1512 733 1564 maximos
758 1513 849 1564 luctus
870 1511 981 1565 incidit.

141 1594 201 1646 Nec
219 1592 354 1662 promissa
373 1592 461 1660 igitur
482 1593 619 1644 servanda
637 1597 702 1644 sunt
720 1608 760 1657 ea,
775 1608 846 1658 quae
864 1591 921 1644 sint
938 1591 982 1658 iis,

142 1673 244 1740 quibus
258 1671 424 1739 promiseris,
438 1671 557 1737 inutilia,
568 1687 627 1738 nec,
640 1671 664 1724 si
675 1673 740 1740 plus
751 1671 806 1724 tibi
818 1687 850 1724 ea
862 1676 983 1724 noceant

142 1767 226 1818 quam
244 1751 287 1802 illi
305 1751 421 1819 prosint,
436 1751 483 1802 cui
500 1750 668 1819 promiseris,
684 1755 782 1804 eontra
800 1750 922 1803 dfficium
940 1756 984 1802 est

141 1830 231 1882 maius
250 1829 384 1898 anteponi
402 1830 511 1897 minori,
526 1835 564 1898 ut,
579 1831 603 1882 si
621 1828 799 1884 constitueris
817 1831 939 1901 cuipiam
953 1836 983 1883 te

142 1910 310 1962 advocatum
322 1909 353 1960 in
365 1925 423 1962 rem
436 1915 609 1978 praesentem
620 1926 678 1963 esse
687 1915 836 1964 venturum
848 1916 933 1978 atque
942 1911 984 1962 in-

142 1989 224 2042 terim
238 1989 361 2058 graviter
378 1995 521 2059 aegrotare
533 1991 608 2044 filius
621 1990 752 2060 eoeperit,
764 2007 822 2043 non
836 1991 873 2044 sit
886 1997 983 2044 contra

142 2070 264 2123 officium
285 2087 343 2122 ιιοιι
364 2069 453 2125 facere
472 2073 549 2138 quod
570 2071 683 2140 dixeris,
702 2072 847 2140 magisque
864 2072 921 2142 illc,
937 2072 983 2125 cui

142 2151 309 2221 promissum
321 2151 365 2219 sit,
377 2153 413 2205 ab
422 2152 515 2208 officio
525 2153 660 2217 discedat,
671 2152 694 2206 si
704 2169 732 2206 se
743 2152 909 2205 destitutum
919 2169 984 2220 que-

142 2237 225 2286 ratur.
263 2233 323 2284 Iam
337 2232 395 2284 illis
407 2232 549 2302 promissis
564 2234 695 2286 standum
707 2249 765 2285 non
777 2249 837 2286 esse
849 2233 913 2300 quis
926 2249 989 2285 nou

142 2313 221 2366 videt
209 2317 321 2381 t,quae
342 2318 455 2366 coactus
477 2313 541 2380 quis
561 2317 640 2366 metu
666 2329 738 2380 quaa
761 2313 895 2382 deeeptus
916 2313 985 2366 dolo

142 2393 318 2460 promiserit
355 2396 396 2446 33.
414 2393 491 2458 Quae
504 2393 620 2460 quidem
631 2392 783 2462 pleraque
775 2409 834 2445 rure
844 2397 923 2462 praet
925 2392 985 2444 orio

76 2498 85 2506 u
144 2473 264 2526 liberant
253 2478 305 2540 tur,
319 2489 376 2526 non
387 2474 465 2526 nulla
477 2473 594 2564 legibus.

177 2553 325 2605 Exsistunt
336 2553 420 2604 etiam
428 2565 516 2620 'saepe
531 2552 649 2606 iniuriae
664 2553 805 2605 calumnia
819 2553 942 2620 quadam
956 2557 985 2604 et

143 2631 226 2683 nimis
245 2632 348 2684 callida
368 2635 396 2683 et
415 2632 557 2685 malitiosa
574 2632 643 2684 iuris
662 2633 901 2702 interpretatione.
940 2633 984 2684 Ex

143 2727 199 2779 quo
217 2710 290 2762 illud
306 2711 474 2763 “Summum
492 2711 536 2764 ius
555 2728 663 2766 summa
680 2713 799 2766 iniuria”
814 2712 921 2766 factum
939 2717 984 2765 est

142 2792 199 2844 iam
209 2791 307 2844 tritum
317 2809 441 2844 sermone
451 2793 636 2860 proverbium.
676 2795 738 2860 Quo
748 2795 778 2846 in
790 2811 889 2864 genere
899 2794 986 2846 etiam

143 2871 173 2923 in
195 2888 224 2923 ra
242 2871 357 2939 publica
377 2873 466 2924 multa
484 2879 644 2942 peccantur,
660 2880 692 2927 ut
711 2875 768 2942 ille,
782 2875 839 2942 qui,
855 2890 918 2926 cum
936 2874 986 2926 tri·

143 2951 223 3021 ginta
238 2951 347 3005 dierum
363 2957 454 3006 essent
469 2969 533 3006 cum
545 2954 626 3007 hoste
640 2955 771 3008 induciae
787 2954 885 3022 factae,
898 2959 985 3006 noctu

142 3032 333 3100 populabatur
355 3047 444 3100 agros,
461 3035 539 3100 quod
561 3033 670 3087 dierum
692 3038 783 3086 essent
804 3039 911 3101 pactae,
928 3051 986 3086 non

143 3112 267 3166 noctium
285 3112 426 3166 induciae.
464 3115 508 3182 Ne
526 3119 620 3165 noster
638 3113 752 3182 quidem
771 3113 943 3182 probandus,
961 3114 987 3168 si
