2272 3442
307 144 412 193 =oATO
430 145 562 196 Mases.
597 145 674 194 CAP.
693 143 755 192 XV.
934 141 972 192 17:

116 224 233 292 Livium,
246 223 293 292 qui
308 240 392 292 quum
410 241 459 278 sex
475 227 552 279 annis
567 228 632 280 ante
648 240 731 293 quam
745 239 796 291 ego
810 224 891 278 natus
905 237 974 276 sum.

114 301 236 354 fabulam
265 299 402 354 docuisset
432 301 553 355 Centone
583 300 774 368 Tuditanoque
804 297 962 364 consulibus,

115 392 204 444 usque
223 375 258 428 ad
276 375 486 429 adolescentiam
498 393 588 429 meam
606 376 739 444 processit
757 378 855 428 aetate.
893 374 964 438 onio

115 451 153 504 de
172 451 203 504 P.
216 450 310 503 Licinii
330 451 421 504 Crassi
440 454 470 504 et
488 451 621 519 pontificii
634 455 663 504 et
682 451 768 503 civilis
783 448 855 516 juris
874 449 964 502 studio

116 527 214 594 loquar
223 527 241 596 i¹
251 531 300 580 out
311 527 346 580 de
364 525 445 594 hujus
459 527 488 579 P.
501 526 633 594 Scipionis
646 526 693 594 qui
705 525 747 578 his
765 525 857 593 paucis
869 524 965 578 diebus

118 602 247 656 Pontifex
265 602 400 655 Maximus
417 603 506 656 factus
524 603 600 656 esti¹
622 601 710 668 Atqui
728 617 775 654 eos
792 617 885 654 omnes
898 616 966 669 quos

116 678 326 732 commemoravi
355 677 397 730 his
425 677 524 730 studiis
557 677 705 745 flagrantes
734 692 814 730 senes
842 676 964 731 vidimus

118 755 157 808 M.
169 771 234 808 vero
247 753 401 820 Cethegum
419 769 501 820 quem
518 757 593 806 recte
606 752 713 806 Suadeo
729 751 876 805 medullam
895 751 978 804 dixit-

119 831 230 897 Ennius,
250 833 351 897 quanto
370 828 460 882 studio
479 829 601 881 exerceri
619 828 647 881 in
670 827 786 882 dicendo
800 827 965 880 ¹videbamus

119 906 204 958 etiam
217 903 321 958 senem!
360 904 434 967 Quae
447 906 510 957 sunt
527 903 612 970 igitur
624 904 764 972 epularum
776 907 824 958 aut
839 902 965 956 ludorum

119 985 168 1034 aut
180 984 330 1033 scortorum
347 979 502 1046 voluptates
519 996 581 1032 eum
598 979 641 1032 his
658 979 843 1048 voluptatibus
859 995 966 1046 compa-

120 1055 241 1110 roudaei
278 1058 372 1122 Atque
390 1055 458 1108 haee
470 1055 581 1121 quidem
599 1055 691 1108 studia
709 1055 857 1109 doctrinae.
890 1055 966 1119 Quae

40 1184 42 1188 .
120 1130 234 1199 quidem
256 1129 437 1200 prudentibus
461 1135 491 1186 et
519 1130 589 1184 bene
618 1131 752 1184 institutis
775 1131 879 1200 pariter
904 1146 967 1183 cum

119 1203 213 1260 aetate
225 1209 358 1272 creseunt,
370 1211 402 1258 ut
420 1206 563 1259 honestum
576 1206 644 1258 illud
663 1206 768 1259 Solonis
780 1206 823 1272 sit,
836 1205 911 1274 quod
929 1205 968 1258 ait

121 1282 253 1336 versiculo
274 1282 400 1349 quodam,
419 1284 532 1334 utente
551 1281 615 1347 dixi,
629 1298 772 1334 senescere
790 1298 819 1334 se
836 1281 922 1334 multo
938 1276 966 1329 in

121 1357 181 1410 dies
190 1357 375 1411 addiscentem
385 1377 391 1422 ;
404 1372 458 1423 qua
467 1356 606 1424 voluptate
614 1357 696 1409 animi
708 1357 782 1409 nulla
791 1359 867 1410 certe
876 1359 967 1425 potest

122 1449 183 1486 esse
195 1433 289 1501 major.

175 1507 235 1561 XV.
253 1514 293 1560 51.
312 1507 399 1560 Venio
412 1523 483 1560 nune
494 1506 530 1559 ad
547 1505 701 1574 voluptates
719 1504 897 1572 agricolarum
911 1504 964 1572 qni-

123 1582 174 1636 bus
187 1600 236 1651 ego
248 1582 446 1636 incredibiliter
458 1581 587 1648 delector,
600 1598 671 1650 quae
683 1598 733 1635 nec
745 1581 800 1640 ulle
817 1579 965 1649 impediun·

123 1663 170 1712 tur
199 1661 340 1712 senectute
370 1661 398 1712 et
422 1657 487 1710 mihi
517 1656 553 1709 ad
583 1657 712 1725 sapientis
736 1657 820 1711 vitam
845 1656 967 1724 proxime

122 1735 250 1788 sidentur
268 1733 405 1786 accedere.
441 1733 555 1786 Habent
572 1733 645 1784 enim
662 1734 795 1786 rationem
813 1749 874 1786 cum
892 1735 968 1786 terra

124 1827 195 1876 quac
223 1826 361 1876 nunquam
385 1812 492 1861 recusat
515 1808 666 1877 imperium,
689 1825 740 1862 nee
766 1825 888 1876 unquam
911 1808 969 1860 siue

124 1902 205 1938 usura
217 1884 309 1938 reddit
322 1885 396 1952 quod
413 1884 524 1952 aceepit,
537 1884 587 1936 sed
605 1883 671 1936 alias
683 1885 794 1949 minore,
807 1884 968 1952 plerumque

125 1959 227 2027 nrajore
239 1975 300 2012 oum
311 1959 411 2012 fenore.
438 1959 608 2027 Quemquam
620 1975 665 2012 me
677 1959 787 2026 quidem
800 1977 853 2012 non
865 1959 968 2012 fructus

124 2035 205 2088 modo
223 2035 273 2088 sed
290 2035 373 2088 etiam
390 2035 474 2102 ipsius
492 2038 584 2088 terrae
602 2035 643 2088 vis
661 2052 692 2088 ae
712 2039 812 2088 natura
835 2036 969 2099 delectat;

125 2128 195 2180 quae
213 2127 297 2180 quum
316 2111 419 2178 grando
436 2111 540 2164 molhto
558 2127 589 2164 ae
607 2111 719 2164 subacto
736 2128 859 2179 sparsum
877 2127 967 2164 semen

125 2188 240 2256 excepit,
253 2187 371 2255 primurn
382 2185 410 2238 id
428 2190 599 2240 oecoceatum
617 2187 732 2253 cohibet,
745 2204 779 2239 ex
797 2204 851 2254 quo
868 2187 969 2240 occatio

125 2280 195 2331 quae
207 2263 256 2317 hoe
268 2263 348 2317 efficit
360 2263 497 2315 nominata
508 2267 565 2328 est;
582 2263 682 2315 deinde
693 2261 859 2329 tepefactum
871 2278 970 2329 vapore

125 2343 154 2392 et
166 2355 321 2407 compressu
333 2354 381 2390 suo
393 2337 512 2390 diffindit
529 2342 558 2390 et
577 2337 651 2389 elicit
668 2337 873 2390 herbescentem
885 2353 919 2389 ex
938 2353 970 2389 eo

126 2414 308 2477 viriditatem
326 2430 396 2482 quae
408 2415 472 2466 nixa
490 2413 567 2466 fibris
579 2413 706 2482 stirpium
720 2413 819 2466 sensim
832 2412 970 2478 adolescit,

125 2491 267 2557 culmoque
291 2493 382 2543 erecta
405 2489 557 2556 geniculato
582 2489 686 2557 vaginis
701 2489 759 2557 jam
779 2489 855 2558 quasi
873 2487 971 2556 pubes-

125 2581 189 2616 cens
200 2565 363 2631 includitur;
381 2583 397 2619 e
410 2566 509 2634 quibus
529 2584 613 2634 quum
631 2567 749 2632 emersit,
762 2563 853 2619 fundit
864 2564 971 2630 frugem

123 2640 192 2709 spici
204 2641 298 2694 ordine
310 2645 443 2696 structam
455 2647 485 2697 et
501 2647 596 2697 contra
613 2643 703 2696 avium
720 2643 855 2695 minorum
866 2655 972 2693 morsus

125 2715 247 2772 munitur
264 2717 334 2770 vello
351 2718 504 2772 aristarum.
539 2723 580 2772 52.
600 2718 672 2782 Quid
692 2717 745 2787 'ego
768 2719 864 2772 vitium
888 2719 972 2781 ortus,

125 2796 209 2861 satus,
224 2793 391 2847 incrementa
409 2795 636 2848 commemoremi
672 2795 772 2849 Satiari
791 2793 972 2847 delectatione

125 2885 178 2921 non
190 2885 307 2936 possum,
319 2873 351 2923 ut
363 2885 440 2922 meae
453 2871 601 2923 senectutis
619 2871 773 2939 requietem
792 2871 973 2924 oblectamen-

125 2947 240 3011 tumque
252 2945 377 2998 noscatis.
403 2944 509 2996 Omitto
522 2946 594 2997 enim
606 2945 660 2998 vim
673 2947 759 3014 ipsam
772 2947 890 3000 omnium
903 2960 973 3013 quae

124 3023 290 3087 generantur
308 3037 324 3073 e
342 3023 425 3085 terra,
444 3036 514 3088 quac
532 3036 567 3073 ex
585 3021 628 3074 fici
648 3023 754 3075 tantulo
772 3039 855 3090 grano
873 3026 921 3074 aut
939 3036 973 3072 ex

124 3093 194 3148 acini
225 3095 333 3148 vinaceo
358 3098 406 3148 aut
429 3112 463 3148 ex
487 3100 640 3149 ceterarum
663 3097 773 3164 frugum
795 3113 827 3150 ac
847 3096 973 3166 stirpium

124 3170 314 3224 minutissimis
335 3170 483 3225 seminibus
504 3175 595 3224 tantos
616 3175 727 3224 truncos
749 3188 892 3238 ramosque
912 3187 973 3236 pro·
