<?xml version="1.0" encoding="UTF-8"?>
<!DOCTYPE html PUBLIC "-//W3C//DTD XHTML 1.0 Transitional//EN"
    "http://www.w3.org/TR/xhtml1/DTD/xhtml1-transitional.dtd">
<html xmlns="http://www.w3.org/1999/xhtml" xml:lang="en" lang="en">
 <head>
  <title>
</title>
<meta http-equiv="Content-Type" content="text/html;charset=utf-8" />
  <meta name='ocr-system' content='tesseract 3.04.00' />
  <meta name='ocr-capabilities' content='ocr_page ocr_carea ocr_par ocr_line ocrx_word'/>
</head>
<body>
  <div class='ocr_page' id='page_1' title='image "./mtulliiciceroni01longgoog_0179.png"; bbox 0 0 2256 3448; ppageno 0'>
   <div class='ocr_carea' id='block_1_1' title="bbox 116 123 1035 3173">
    <p class='ocr_par' dir='ltr' id='par_1_1' title="bbox 141 123 981 356">
     <span class='ocr_line' id='line_1_1' title="bbox 142 123 669 175; baseline -0.006 0"><span class='ocrx_word' id='word_1_1' title='bbox 142 127 214 175; x_wconf 75' lang='lat'>170.</span> <span class='ocrx_word' id='word_1_2' title='bbox 451 123 500 171; x_wconf 78' lang='lat' dir='ltr'>De</span> <span class='ocrx_word' id='word_1_3' title='bbox 518 123 669 172; x_wconf 71' lang='lat' dir='ltr'>orsurus</span> 
     </span>
     <span class='ocr_line' id='line_1_2' title="bbox 141 204 981 277; baseline -0.002 -16"><span class='ocrx_word' id='word_1_4' title='bbox 141 214 231 277; x_wconf 83' lang='lat' dir='ltr'>turpe,</span> <span class='ocrx_word' id='word_1_5' title='bbox 240 211 276 276; x_wconf 89' lang='lat' dir='ltr'>et,</span> <span class='ocrx_word' id='word_1_6' title='bbox 285 207 350 276; x_wconf 87' lang='lat' dir='ltr'>quia</span> <span class='ocrx_word' id='word_1_7' title='bbox 363 222 471 276; x_wconf 82' lang='lat' dir='ltr'><strong>semper</strong></span> <span class='ocrx_word' id='word_1_8' title='bbox 482 212 524 259; x_wconf 93' lang='lat' dir='ltr'>est</span> <span class='ocrx_word' id='word_1_9' title='bbox 534 206 683 258; x_wconf 88' lang='lat' dir='ltr'>honestum</span> <span class='ocrx_word' id='word_1_10' title='bbox 692 204 780 258; x_wconf 89' lang='lat' dir='ltr'>virum</span> <span class='ocrx_word' id='word_1_11' title='bbox 794 204 901 258; x_wconf 93' lang='lat' dir='ltr'>bonum</span> <span class='ocrx_word' id='word_1_12' title='bbox 914 221 981 274; x_wconf 89' lang='lat' dir='ltr'>esse,</span> 
     </span>
     <span class='ocr_line' id='line_1_3' title="bbox 141 287 392 356; baseline -0.016 -14"><span class='ocrx_word' id='word_1_13' title='bbox 141 305 250 356; x_wconf 88' lang='lat' dir='ltr'>semper</span> <span class='ocrx_word' id='word_1_14' title='bbox 262 292 303 340; x_wconf 91' lang='lat' dir='ltr'>est</span> <span class='ocrx_word' id='word_1_15' title='bbox 315 287 392 339; x_wconf 89' lang='lat' dir='ltr'>utile.</span> 
     </span>
    </p>

    <p class='ocr_par' dir='ltr' id='par_1_2' title="bbox 116 365 1035 3173">
     <span class='ocr_line' id='line_1_4' title="bbox 176 365 982 436; baseline -0.004 -15"><span class='ocrx_word' id='word_1_16' title='bbox 176 368 251 423; x_wconf 93' lang='lat' dir='ltr'>XVI.</span> <span class='ocrx_word' id='word_1_17' title='bbox 290 370 331 420; x_wconf 82' lang='grc'>65.</span> <span class='ocrx_word' id='word_1_18' title='bbox 348 368 390 419; x_wconf 86' lang='lat' dir='ltr'>Ac</span> <span class='ocrx_word' id='word_1_19' title='bbox 406 368 441 420; x_wconf 87' lang='lat' dir='ltr'>dc</span> <span class='ocrx_word' id='word_1_20' title='bbox 457 368 517 420; x_wconf 90' lang='lat' dir='ltr'>iure</span> <span class='ocrx_word' id='word_1_21' title='bbox 533 367 647 436; x_wconf 90' lang='lat' dir='ltr'>quidem</span> <span class='ocrx_word' id='word_1_22' title='bbox 661 365 840 436; x_wconf 88' lang='lat' dir='ltr'>praediorum</span> <span class='ocrx_word' id='word_1_23' title='bbox 854 370 982 418; x_wconf 88' lang='lat' dir='ltr'>sanctum</span> 
     </span>
     <span class='ocr_line' id='line_1_5' title="bbox 141 445 982 518; baseline -0.002 -17"><span class='ocrx_word' id='word_1_24' title='bbox 141 450 219 518; x_wconf 86' lang='lat' dir='ltr'>apud</span> <span class='ocrx_word' id='word_1_25' title='bbox 231 465 282 501; x_wconf 90' lang='lat' dir='ltr'>nos</span> <span class='ocrx_word' id='word_1_26' title='bbox 297 453 340 501; x_wconf 91' lang='lat' dir='ltr'>est</span> <span class='ocrx_word' id='word_1_27' title='bbox 352 448 410 501; x_wconf 90' lang='lat' dir='ltr'>iure</span> <span class='ocrx_word' id='word_1_28' title='bbox 426 448 511 516; x_wconf 91' lang='lat' dir='ltr'>civili,</span> <span class='ocrx_word' id='word_1_29' title='bbox 520 453 552 501; x_wconf 92' lang='lat' dir='ltr'>ut</span> <span class='ocrx_word' id='word_1_30' title='bbox 564 448 594 500; x_wconf 89' lang='lat' dir='ltr'>in</span> <span class='ocrx_word' id='word_1_31' title='bbox 606 447 642 500; x_wconf 90' lang='lat' dir='ltr'>iis</span> <span class='ocrx_word' id='word_1_32' title='bbox 654 445 809 501; x_wconf 82' lang='lat' dir='ltr'>vendendis</span> <span class='ocrx_word' id='word_1_33' title='bbox 821 445 892 498; x_wconf 87' lang='lat' dir='ltr'>vitia</span> <span class='ocrx_word' id='word_1_34' title='bbox 908 446 982 499; x_wconf 88' lang='lat' dir='ltr'>dice-</span> 
     </span>
     <span class='ocr_line' id='line_1_6' title="bbox 141 527 983 598; baseline -0.005 -16"><span class='ocrx_word' id='word_1_35' title='bbox 141 534 244 598; x_wconf 83' lang='lat' dir='ltr'>rentur,</span> <span class='ocrx_word' id='word_1_36' title='bbox 253 546 323 597; x_wconf 91' lang='lat' dir='ltr'>quae</span> <span class='ocrx_word' id='word_1_37' title='bbox 336 534 403 582; x_wconf 89' lang='lat' dir='ltr'>nota</span> <span class='ocrx_word' id='word_1_38' title='bbox 415 533 505 582; x_wconf 83' lang='lat' dir='ltr'>essent</span> <span class='ocrx_word' id='word_1_39' title='bbox 514 528 664 582; x_wconf 85' lang='lat' dir='ltr'>venditori.</span> <span class='ocrx_word' id='word_1_40' title='bbox 702 529 783 594; x_wconf 89' lang='lat' dir='ltr'>Nam,</span> <span class='ocrx_word' id='word_1_41' title='bbox 792 543 856 579; x_wconf 89' lang='lat' dir='ltr'>eum</span> <span class='ocrx_word' id='word_1_42' title='bbox 869 543 904 579; x_wconf 84' lang='lat' dir='ltr'>ex</span> <span class='ocrx_word' id='word_1_43' title='bbox 913 527 983 579; x_wconf 72' lang='lat' dir='ltr'>duo</span> 
     </span>
     <span class='ocr_line' id='line_1_7' title="bbox 141 607 983 678; baseline -0.005 -16"><span class='ocrx_word' id='word_1_44' title='bbox 141 610 234 663; x_wconf 86' lang='lat' dir='ltr'>decim</span> <span class='ocrx_word' id='word_1_45' title='bbox 246 609 351 664; x_wconf 91' lang='lat' dir='ltr'>tabulis</span> <span class='ocrx_word' id='word_1_46' title='bbox 366 609 434 663; x_wconf 87' lang='lat' dir='ltr'>satis</span> <span class='ocrx_word' id='word_1_47' title='bbox 448 614 520 662; x_wconf 89' lang='lat' dir='ltr'>esset</span> <span class='ocrx_word' id='word_1_48' title='bbox 534 626 567 662; x_wconf 88' lang='lat' dir='ltr'>ea</span> <span class='ocrx_word' id='word_1_49' title='bbox 581 608 724 678; x_wconf 87' lang='lat' dir='ltr'>praestari,</span> <span class='ocrx_word' id='word_1_50' title='bbox 737 623 808 677; x_wconf 90' lang='lat' dir='ltr'>quae</span> <span class='ocrx_word' id='word_1_51' title='bbox 824 612 916 660; x_wconf 82' lang='lat' dir='ltr'>essent</span> <span class='ocrx_word' id='word_1_52' title='bbox 930 607 983 659; x_wconf 92' lang='lat' dir='ltr'>lin-</span> 
     </span>
     <span class='ocr_line' id='line_1_8' title="bbox 141 688 983 761; baseline -0.006 -17"><span class='ocrx_word' id='word_1_53' title='bbox 141 707 198 760; x_wconf 88' lang='lat' dir='ltr'>gua</span> <span class='ocrx_word' id='word_1_54' title='bbox 210 694 379 761; x_wconf 87' lang='lat' dir='ltr'>nuncupata,</span> <span class='ocrx_word' id='word_1_55' title='bbox 388 704 459 760; x_wconf 91' lang='lat' dir='ltr'>quac</span> <span class='ocrx_word' id='word_1_56' title='bbox 469 690 517 759; x_wconf 91' lang='lat' dir='ltr'>qui</span> <span class='ocrx_word' id='word_1_57' title='bbox 529 689 665 743; x_wconf 86' lang='lat' dir='ltr'>infitiatus</span> <span class='ocrx_word' id='word_1_58' title='bbox 678 693 758 757; x_wconf 88' lang='lat' dir='ltr'>esset,</span> <span class='ocrx_word' id='word_1_59' title='bbox 768 688 850 757; x_wconf 89' lang='lat' dir='ltr'>dupli</span> <span class='ocrx_word' id='word_1_60' title='bbox 861 705 983 758; x_wconf 87' lang='lat' dir='ltr'>poenam</span> 
     </span>
     <span class='ocr_line' id='line_1_9' title="bbox 142 768 983 840; baseline -0.006 -16"><span class='ocrx_word' id='word_1_61' title='bbox 142 771 255 840; x_wconf 91' lang='lat' dir='ltr'>subiret,</span> <span class='ocrx_word' id='word_1_62' title='bbox 270 789 287 824; x_wconf 87' lang='lat' dir='ltr'>a</span> <span class='ocrx_word' id='word_1_63' title='bbox 304 771 373 825; x_wconf 87' lang='lat' dir='ltr'>iuris</span> <span class='ocrx_word' id='word_1_64' title='bbox 391 771 525 824; x_wconf 88' lang='lat' dir='ltr'>consultis</span> <span class='ocrx_word' id='word_1_65' title='bbox 547 770 631 824; x_wconf 91' lang='lat' dir='ltr'>etiam</span> <span class='ocrx_word' id='word_1_66' title='bbox 651 768 812 823; x_wconf 80' lang='lat' dir='ltr'>reticentiae</span> <span class='ocrx_word' id='word_1_67' title='bbox 830 785 922 838; x_wconf 88' lang='lat' dir='ltr'>poena</span> <span class='ocrx_word' id='word_1_68' title='bbox 940 773 983 820; x_wconf 91' lang='lat' dir='ltr'>est</span> 
     </span>
     <span class='ocr_line' id='line_1_10' title="bbox 142 853 981 918; baseline -0.005 -15"><span class='ocrx_word' id='word_1_69' title='bbox 142 853 303 906; x_wconf 85' lang='lat' dir='ltr'>constituta.</span> <span class='ocrx_word' id='word_1_70' title='bbox 341 853 492 918; x_wconf 75' lang='lat' dir='ltr'>Quinomn</span> <span class='ocrx_word' id='word_1_71' title='bbox 507 867 584 904; x_wconf 80' lang='lat' dir='ltr'>nunu</span> <span class='ocrx_word' id='word_1_72' title='bbox 600 866 688 904; x_wconf 74' lang='lat' dir='ltr'>nssn‘r</span> <span class='ocrx_word' id='word_1_73' title='bbox 704 865 737 903; x_wconf 83' lang='lat' dir='ltr'>m</span> <span class='ocrx_word' id='word_1_74' title='bbox 751 864 884 902; x_wconf 75' lang='lat' dir='ltr'>ennnnro</span> <span class='ocrx_word' id='word_1_75' title='bbox 898 864 981 915; x_wconf 84' lang='lat' dir='ltr'>vrrrr,</span> 
     </span>
     <span class='ocr_line' id='line_1_11' title="bbox 142 936 982 1000; baseline -0.004 -16"><span class='ocrx_word' id='word_1_76' title='bbox 142 947 175 984; x_wconf 82' lang='lat'>11&gt;</span> <span class='ocrx_word' id='word_1_77' title='bbox 196 936 360 998; x_wconf 87' lang='lat' dir='ltr'>statuerunt,</span> <span class='ocrx_word' id='word_1_78' title='bbox 380 947 407 984; x_wconf 87' lang='lat' dir='ltr'>sr</span> <span class='ocrx_word' id='word_1_79' title='bbox 425 947 580 985; x_wconf 77' lang='lat' dir='ltr'>vaunrrorr</span> <span class='ocrx_word' id='word_1_80' title='bbox 603 947 713 1000; x_wconf 78' lang='lat' dir='ltr'>soram,</span> <span class='ocrx_word' id='word_1_81' title='bbox 731 945 791 983; x_wconf 83' lang='lat' dir='ltr'>rvrsr</span> <span class='ocrx_word' id='word_1_82' title='bbox 812 945 982 984; x_wconf 71' lang='lat' dir='ltr'>sommium</span> 
     </span>
     <span class='ocr_line' id='line_1_12' title="bbox 142 1011 983 1079; baseline 0 -15"><span class='ocrx_word' id='word_1_83' title='bbox 142 1027 255 1064; x_wconf 74' lang='lat' dir='ltr'>nicrum</span> <span class='ocrx_word' id='word_1_84' title='bbox 269 1025 540 1079; x_wconf 73' lang='lat' dir='ltr'>nssnr,rrraasrarr1</span> <span class='ocrx_word' id='word_1_85' title='bbox 554 1027 721 1066; x_wconf 81' lang='lat' dir='ltr'>oronrnnn.</span> <span class='ocrx_word' id='word_1_86' title='bbox 759 1013 801 1064; x_wconf 87' lang='grc'>66.</span> <span class='ocrx_word' id='word_1_87' title='bbox 816 1013 863 1078; x_wconf 89' lang='lat' dir='ltr'>Ut,</span> <span class='ocrx_word' id='word_1_88' title='bbox 873 1027 937 1064; x_wconf 91' lang='lat' dir='ltr'>cum</span> <span class='ocrx_word' id='word_1_89' title='bbox 951 1011 983 1064; x_wconf 92' lang='lat' dir='ltr'>in</span> 
     </span>
     <span class='ocr_line' id='line_1_13' title="bbox 142 1091 982 1161; baseline 0.002 -17"><span class='ocrx_word' id='word_1_90' title='bbox 142 1107 205 1144; x_wconf 85' lang='lat' dir='ltr'>aree</span> <span class='ocrx_word' id='word_1_91' title='bbox 219 1091 367 1161; x_wconf 90' lang='lat' dir='ltr'>augurium</span> <span class='ocrx_word' id='word_1_92' title='bbox 382 1108 501 1161; x_wconf 84' lang='lat' dir='ltr'>augures</span> <span class='ocrx_word' id='word_1_93' title='bbox 516 1093 606 1146; x_wconf 87' lang='lat' dir='ltr'>acturi</span> <span class='ocrx_word' id='word_1_94' title='bbox 620 1101 710 1145; x_wconf 88' lang='lat' dir='ltr'>essent</span> <span class='ocrx_word' id='word_1_95' title='bbox 725 1091 924 1159; x_wconf 87' lang='lat' dir='ltr'>iussissentque</span> <span class='ocrx_word' id='word_1_96' title='bbox 938 1092 982 1146; x_wconf 75' lang='lat' dir='ltr'>Ti.</span> 
     </span>
     <span class='ocr_line' id='line_1_14' title="bbox 143 1172 984 1243; baseline 0.001 -19"><span class='ocrx_word' id='word_1_97' title='bbox 143 1172 292 1226; x_wconf 88' lang='lat' dir='ltr'>Claudium</span> <span class='ocrx_word' id='word_1_98' title='bbox 305 1174 506 1241; x_wconf 83' lang='lat' dir='ltr'>Centumalum,</span> <span class='ocrx_word' id='word_1_99' title='bbox 518 1174 566 1243; x_wconf 91' lang='lat' dir='ltr'>qui</span> <span class='ocrx_word' id='word_1_100' title='bbox 579 1175 662 1228; x_wconf 87' lang='lat' dir='ltr'>aedes</span> <span class='ocrx_word' id='word_1_101' title='bbox 675 1174 706 1226; x_wconf 90' lang='lat' dir='ltr'>in</span> <span class='ocrx_word' id='word_1_102' title='bbox 719 1173 814 1226; x_wconf 89' lang='lat' dir='ltr'>Caelio</span> <span class='ocrx_word' id='word_1_103' title='bbox 829 1177 923 1226; x_wconf 90' lang='lat' dir='ltr'>monte</span> <span class='ocrx_word' id='word_1_104' title='bbox 934 1173 984 1225; x_wconf 88' lang='lat' dir='ltr'>ha-</span> 
     </span>
     <span class='ocr_line' id='line_1_15' title="bbox 141 1252 983 1322; baseline -0.001 -16"><span class='ocrx_word' id='word_1_105' title='bbox 141 1253 237 1320; x_wconf 89' lang='lat' dir='ltr'>bebat,</span> <span class='ocrx_word' id='word_1_106' title='bbox 248 1253 378 1308; x_wconf 89' lang='lat' dir='ltr'>demoliri</span> <span class='ocrx_word' id='word_1_107' title='bbox 391 1271 430 1322; x_wconf 90' lang='lat' dir='ltr'>ea,</span> <span class='ocrx_word' id='word_1_108' title='bbox 441 1270 560 1322; x_wconf 88' lang='lat' dir='ltr'>quorum</span> <span class='ocrx_word' id='word_1_109' title='bbox 572 1253 693 1307; x_wconf 85' lang='lat' dir='ltr'>altitudo</span> <span class='ocrx_word' id='word_1_110' title='bbox 706 1253 829 1306; x_wconf 89' lang='lat' dir='ltr'>officeret</span> <span class='ocrx_word' id='word_1_111' title='bbox 842 1252 983 1322; x_wconf 67' lang='lat' dir='ltr'>auspiciis</span> 
     </span>
     <span class='ocr_line' id='line_1_16' title="bbox 143 1333 984 1404; baseline 0 -18"><span class='ocrx_word' id='word_1_112' title='bbox 143 1333 278 1386; x_wconf 89' lang='lat' dir='ltr'>Claudius</span> <span class='ocrx_word' id='word_1_113' title='bbox 291 1334 454 1404; x_wconf 88' lang='lat' dir='ltr'>proscripsit</span> <span class='ocrx_word' id='word_1_114' title='bbox 466 1334 594 1402; x_wconf 89' lang='lat' dir='ltr'>insulam,</span> <span class='ocrx_word' id='word_1_115' title='bbox 604 1333 743 1401; x_wconf 88' lang='lat' dir='ltr'>vendidit,</span> <span class='ocrx_word' id='word_1_116' title='bbox 752 1333 819 1386; x_wconf 90' lang='lat' dir='ltr'>emit</span> <span class='ocrx_word' id='word_1_117' title='bbox 829 1335 859 1388; x_wconf 89' lang='lat' dir='ltr'>P.</span> <span class='ocrx_word' id='word_1_118' title='bbox 869 1334 984 1402; x_wconf 88' lang='lat' dir='ltr'>Calpur-</span> 
     </span>
     <span class='ocr_line' id='line_1_17' title="bbox 142 1413 984 1483; baseline 0.001 -17"><span class='ocrx_word' id='word_1_119' title='bbox 142 1413 206 1466; x_wconf 89' lang='lat' dir='ltr'>nius</span> <span class='ocrx_word' id='word_1_120' title='bbox 218 1415 361 1468; x_wconf 86' lang='lat' dir='ltr'>Lanarius.</span> <span class='ocrx_word' id='word_1_121' title='bbox 400 1415 475 1467; x_wconf 83' lang='lat' dir='ltr'>Huic</span> <span class='ocrx_word' id='word_1_122' title='bbox 490 1415 526 1468; x_wconf 89' lang='lat' dir='ltr'>ab</span> <span class='ocrx_word' id='word_1_123' title='bbox 538 1415 691 1483; x_wconf 87' lang='lat' dir='ltr'>auguribus</span> <span class='ocrx_word' id='word_1_124' title='bbox 704 1414 777 1466; x_wconf 87' lang='lat' dir='ltr'>illud</span> <span class='ocrx_word' id='word_1_125' title='bbox 788 1415 865 1467; x_wconf 91' lang='lat' dir='ltr'>idem</span> <span class='ocrx_word' id='word_1_126' title='bbox 877 1415 984 1468; x_wconf 90' lang='lat' dir='ltr'>denun-</span> 
     </span>
     <span class='ocr_line' id='line_1_18' title="bbox 142 1494 985 1564; baseline 0.001 -17"><span class='ocrx_word' id='word_1_127' title='bbox 142 1494 248 1547; x_wconf 87' lang='lat' dir='ltr'>ciatum</span> <span class='ocrx_word' id='word_1_128' title='bbox 269 1501 318 1550; x_wconf 86' lang='lat' dir='ltr'>est.</span> <span class='ocrx_word' id='word_1_129' title='bbox 355 1497 454 1563; x_wconf 89' lang='lat' dir='ltr'>Itaque</span> <span class='ocrx_word' id='word_1_130' title='bbox 473 1495 641 1564; x_wconf 84' lang='lat' dir='ltr'>Calpurnius</span> <span class='ocrx_word' id='word_1_131' title='bbox 659 1511 723 1547; x_wconf 88' lang='lat' dir='ltr'>cunr</span> <span class='ocrx_word' id='word_1_132' title='bbox 742 1495 894 1550; x_wconf 86' lang='lat' dir='ltr'>demolitus</span> <span class='ocrx_word' id='word_1_133' title='bbox 912 1501 985 1548; x_wconf 87' lang='lat' dir='ltr'>esset</span> 
     </span>
     <span class='ocr_line' id='line_1_19' title="bbox 143 1575 1035 1645; baseline -0.002 -19"><span class='ocrx_word' id='word_1_134' title='bbox 143 1581 347 1644; x_wconf 84' lang='lat' dir='ltr'>cognossetque</span> <span class='ocrx_word' id='word_1_135' title='bbox 374 1575 525 1629; x_wconf 86' lang='lat' dir='ltr'>Claudiurn</span> <span class='ocrx_word' id='word_1_136' title='bbox 554 1576 638 1628; x_wconf 89' lang='lat' dir='ltr'>aedes</span> <span class='ocrx_word' id='word_1_137' title='bbox 666 1580 763 1645; x_wconf 88' lang='lat' dir='ltr'>postca</span> <span class='ocrx_word' id='word_1_138' title='bbox 789 1575 984 1645; x_wconf 87' lang='lat' dir='ltr'>proscripsisse</span> <span class='ocrx_word' id='word_1_139' title='bbox 1031 1618 1035 1624; x_wconf 91' lang='lat'>.</span> 
     </span>
     <span class='ocr_line' id='line_1_20' title="bbox 143 1655 984 1726; baseline 0.005 -20"><span class='ocrx_word' id='word_1_140' title='bbox 143 1671 228 1721; x_wconf 92' lang='lat' dir='ltr'>quam</span> <span class='ocrx_word' id='word_1_141' title='bbox 243 1657 364 1710; x_wconf 89' lang='lat' dir='ltr'>essetab</span> <span class='ocrx_word' id='word_1_142' title='bbox 379 1656 532 1726; x_wconf 88' lang='lat' dir='ltr'>auguribus</span> <span class='ocrx_word' id='word_1_143' title='bbox 547 1655 676 1710; x_wconf 91' lang='lat' dir='ltr'>demoliri</span> <span class='ocrx_word' id='word_1_144' title='bbox 690 1655 788 1724; x_wconf 88' lang='lat' dir='ltr'>iussus,</span> <span class='ocrx_word' id='word_1_145' title='bbox 801 1656 937 1709; x_wconf 90' lang='lat' dir='ltr'>arbitrum</span> <span class='ocrx_word' id='word_1_146' title='bbox 952 1657 984 1710; x_wconf 90' lang='lat' dir='ltr'>il·</span> 
     </span>
     <span class='ocr_line' id='line_1_21' title="bbox 142 1735 985 1805; baseline 0.005 -19"><span class='ocrx_word' id='word_1_147' title='bbox 142 1735 201 1787; x_wconf 89' lang='lat' dir='ltr'>lum</span> <span class='ocrx_word' id='word_1_148' title='bbox 220 1737 325 1805; x_wconf 83' lang='lat' dir='ltr'>adegit,</span> <span class='ocrx_word' id='word_1_149' title='bbox 339 1752 486 1800; x_wconf 68' lang='lat' dir='ltr'>‹romeon›</span> <span class='ocrx_word' id='word_1_150' title='bbox 505 1753 564 1790; x_wconf 80' lang='lat' dir='ltr'>arar</span> <span class='ocrx_word' id='word_1_151' title='bbox 577 1753 659 1790; x_wconf 75' lang='lat' dir='ltr'>nana</span> <span class='ocrx_word' id='word_1_152' title='bbox 675 1751 791 1790; x_wconf 76' lang='lat' dir='ltr'>racana</span> <span class='ocrx_word' id='word_1_153' title='bbox 809 1752 985 1790; x_wconf 78' lang='lat' dir='ltr'>oronrnrrnu</span> 
     </span>
     <span class='ocr_line' id='line_1_22' title="bbox 142 1816 985 1883; baseline 0.006 -19"><span class='ocrx_word' id='word_1_154' title='bbox 142 1830 182 1865; x_wconf 81' lang='lat' dir='ltr'>nx</span> <span class='ocrx_word' id='word_1_155' title='bbox 201 1830 270 1866; x_wconf 77' lang='lat' dir='ltr'>snm</span> <span class='ocrx_word' id='word_1_156' title='bbox 289 1831 376 1870; x_wconf 74' lang='lat' dir='ltr'>Bous.</span> <span class='ocrx_word' id='word_1_157' title='bbox 413 1819 450 1870; x_wconf 89' lang='lat' dir='ltr'>M.</span> <span class='ocrx_word' id='word_1_158' title='bbox 465 1819 534 1870; x_wconf 89' lang='lat' dir='ltr'>Cato</span> <span class='ocrx_word' id='word_1_159' title='bbox 553 1816 719 1878; x_wconf 86' lang='lat' dir='ltr'>sententiam</span> <span class='ocrx_word' id='word_1_160' title='bbox 738 1817 820 1883; x_wconf 84' lang='lat' dir='ltr'>dixit,</span> <span class='ocrx_word' id='word_1_161' title='bbox 834 1817 917 1870; x_wconf 91' lang='lat' dir='ltr'>huius</span> <span class='ocrx_word' id='word_1_162' title='bbox 936 1835 985 1869; x_wconf 90' lang='lat' dir='ltr'>no·</span> 
     </span>
     <span class='ocr_line' id='line_1_23' title="bbox 142 1895 984 1966; baseline 0.001 -18"><span class='ocrx_word' id='word_1_163' title='bbox 142 1895 193 1948; x_wconf 88' lang='lat' dir='ltr'>stri</span> <span class='ocrx_word' id='word_1_164' title='bbox 203 1895 317 1948; x_wconf 88' lang='lat' dir='ltr'>Catonis</span> <span class='ocrx_word' id='word_1_165' title='bbox 326 1901 413 1965; x_wconf 88' lang='lat' dir='ltr'>pater.</span> <span class='ocrx_word' id='word_1_166' title='bbox 450 1899 489 1951; x_wconf 91' lang='lat' dir='ltr'>Ut</span> <span class='ocrx_word' id='word_1_167' title='bbox 501 1897 577 1951; x_wconf 91' lang='lat' dir='ltr'>enim</span> <span class='ocrx_word' id='word_1_168' title='bbox 589 1897 675 1951; x_wconf 85' lang='lat' dir='ltr'>ceteri</span> <span class='ocrx_word' id='word_1_169' title='bbox 687 1914 721 1950; x_wconf 87' lang='lat' dir='ltr'>ex</span> <span class='ocrx_word' id='word_1_170' title='bbox 733 1897 869 1966; x_wconf 90' lang='lat' dir='ltr'>patribus,</span> <span class='ocrx_word' id='word_1_171' title='bbox 878 1897 918 1950; x_wconf 91' lang='lat' dir='ltr'>sic</span> <span class='ocrx_word' id='word_1_172' title='bbox 928 1897 984 1964; x_wconf 93' lang='lat' dir='ltr'>hic,</span> 
     </span>
     <span class='ocr_line' id='line_1_24' title="bbox 143 1975 984 2047; baseline 0.005 -20"><span class='ocrx_word' id='word_1_173' title='bbox 143 1975 194 2042; x_wconf 89' lang='lat' dir='ltr'>qui</span> <span class='ocrx_word' id='word_1_174' title='bbox 212 1975 285 2029; x_wconf 85' lang='lat' dir='ltr'>illud</span> <span class='ocrx_word' id='word_1_175' title='bbox 303 1977 398 2029; x_wconf 91' lang='lat' dir='ltr'>lumen</span> <span class='ocrx_word' id='word_1_176' title='bbox 418 1978 577 2047; x_wconf 88' lang='lat' dir='ltr'>progenuit,</span> <span class='ocrx_word' id='word_1_177' title='bbox 595 1995 629 2031; x_wconf 84' lang='lat' dir='ltr'>ex</span> <span class='ocrx_word' id='word_1_178' title='bbox 648 1978 706 2030; x_wconf 87' lang='lat' dir='ltr'>filio</span> <span class='ocrx_word' id='word_1_179' title='bbox 728 1983 769 2030; x_wconf 90' lang='lat' dir='ltr'>est</span> <span class='ocrx_word' id='word_1_180' title='bbox 788 1977 984 2033; x_wconf 87' lang='lat' dir='ltr'>nominandus.</span> 
     </span>
     <span class='ocr_line' id='line_1_25' title="bbox 143 2056 986 2128; baseline 0.002 -19"><span class='ocrx_word' id='word_1_181' title='bbox 143 2057 171 2109; x_wconf 91' lang='lat' dir='ltr'>Is</span> <span class='ocrx_word' id='word_1_182' title='bbox 188 2056 277 2126; x_wconf 86' lang='lat' dir='ltr'>igitur</span> <span class='ocrx_word' id='word_1_183' title='bbox 293 2058 381 2110; x_wconf 86' lang='lat' dir='ltr'>iudex</span> <span class='ocrx_word' id='word_1_184' title='bbox 400 2058 440 2111; x_wconf 89' lang='lat' dir='ltr'>ita</span> <span class='ocrx_word' id='word_1_185' title='bbox 454 2058 660 2128; x_wconf 87' lang='lat' dir='ltr'>pronunciavit,</span> <span class='ocrx_word' id='word_1_186' title='bbox 674 2061 762 2111; x_wconf 88' lang='lat' dir='ltr'>“cum</span> <span class='ocrx_word' id='word_1_187' title='bbox 781 2057 812 2110; x_wconf 92' lang='lat' dir='ltr'>in</span> <span class='ocrx_word' id='word_1_188' title='bbox 829 2059 986 2112; x_wconf 87' lang='lat' dir='ltr'>vendundo</span> 
     </span>
     <span class='ocr_line' id='line_1_26' title="bbox 143 2138 987 2208; baseline 0.005 -20"><span class='ocrx_word' id='word_1_189' title='bbox 143 2151 202 2189; x_wconf 90' lang='lat' dir='ltr'>rem</span> <span class='ocrx_word' id='word_1_190' title='bbox 221 2155 283 2191; x_wconf 92' lang='lat' dir='ltr'>cam</span> <span class='ocrx_word' id='word_1_191' title='bbox 302 2138 399 2192; x_wconf 86' lang='lat' dir='ltr'>scisset</span> <span class='ocrx_word' id='word_1_192' title='bbox 417 2147 445 2191; x_wconf 90' lang='lat' dir='ltr'>et</span> <span class='ocrx_word' id='word_1_193' title='bbox 463 2156 520 2190; x_wconf 92' lang='lat' dir='ltr'>non</span> <span class='ocrx_word' id='word_1_194' title='bbox 538 2139 755 2208; x_wconf 89' lang='lat' dir='ltr'>pronunciasset,</span> <span class='ocrx_word' id='word_1_195' title='bbox 769 2139 890 2208; x_wconf 88' lang='lat' dir='ltr'>emptori</span> <span class='ocrx_word' id='word_1_196' title='bbox 908 2139 987 2192; x_wconf 89' lang='lat' dir='ltr'>dam-</span> 
     </span>
     <span class='ocr_line' id='line_1_27' title="bbox 143 2219 987 2289; baseline 0.004 -19"><span class='ocrx_word' id='word_1_197' title='bbox 143 2234 212 2270; x_wconf 92' lang='lat' dir='ltr'>num</span> <span class='ocrx_word' id='word_1_198' title='bbox 229 2219 365 2288; x_wconf 88' lang='lat' dir='ltr'>praestari</span> <span class='ocrx_word' id='word_1_199' title='bbox 384 2221 536 2289; x_wconf 85' lang='lat' dir='ltr'>oportere.&#39;&#39;</span> <span class='ocrx_word' id='word_1_200' title='bbox 574 2222 616 2274; x_wconf 80' lang='lat'>67.</span> <span class='ocrx_word' id='word_1_201' title='bbox 635 2221 711 2289; x_wconf 86' lang='lat' dir='ltr'>Ergo</span> <span class='ocrx_word' id='word_1_202' title='bbox 729 2221 768 2272; x_wconf 91' lang='lat' dir='ltr'>ad</span> <span class='ocrx_word' id='word_1_203' title='bbox 781 2219 867 2272; x_wconf 89' lang='lat' dir='ltr'>fidem</span> <span class='ocrx_word' id='word_1_204' title='bbox 882 2220 987 2273; x_wconf 89' lang='lat' dir='ltr'>bonam</span> 
     </span>
     <span class='ocr_line' id='line_1_28' title="bbox 143 2299 988 2369; baseline 0.006 -20"><span class='ocrx_word' id='word_1_205' title='bbox 143 2299 244 2352; x_wconf 87' lang='lat' dir='ltr'>statuit</span> <span class='ocrx_word' id='word_1_206' title='bbox 252 2300 391 2368; x_wconf 84' lang='lat' dir='ltr'>pertinere</span> <span class='ocrx_word' id='word_1_207' title='bbox 406 2305 504 2352; x_wconf 91' lang='lat' dir='ltr'>notum</span> <span class='ocrx_word' id='word_1_208' title='bbox 517 2316 575 2353; x_wconf 90' lang='lat' dir='ltr'>esse</span> <span class='ocrx_word' id='word_1_209' title='bbox 587 2300 708 2369; x_wconf 89' lang='lat' dir='ltr'>emptori</span> <span class='ocrx_word' id='word_1_210' title='bbox 717 2299 828 2368; x_wconf 89' lang='lat' dir='ltr'>vitium,</span> <span class='ocrx_word' id='word_1_211' title='bbox 837 2301 915 2368; x_wconf 91' lang='lat' dir='ltr'>quod</span> <span class='ocrx_word' id='word_1_212' title='bbox 924 2318 988 2354; x_wconf 91' lang='lat' dir='ltr'>nos-</span> 
     </span>
     <span class='ocr_line' id='line_1_29' title="bbox 143 2380 988 2448; baseline 0.005 -18"><span class='ocrx_word' id='word_1_213' title='bbox 143 2384 185 2430; x_wconf 89' lang='lat' dir='ltr'>set</span> <span class='ocrx_word' id='word_1_214' title='bbox 200 2380 339 2434; x_wconf 90' lang='lat' dir='ltr'>venditor.</span> <span class='ocrx_word' id='word_1_215' title='bbox 378 2382 461 2447; x_wconf 80' lang='lat' dir='ltr'>Quod</span> <span class='ocrx_word' id='word_1_216' title='bbox 477 2381 501 2433; x_wconf 93' lang='lat' dir='ltr'>si</span> <span class='ocrx_word' id='word_1_217' title='bbox 518 2385 592 2434; x_wconf 90' lang='lat' dir='ltr'>rectc</span> <span class='ocrx_word' id='word_1_218' title='bbox 607 2380 754 2448; x_wconf 88' lang='lat' dir='ltr'>iudicavit,</span> <span class='ocrx_word' id='word_1_219' title='bbox 767 2397 825 2433; x_wconf 92' lang='lat' dir='ltr'>non</span> <span class='ocrx_word' id='word_1_220' title='bbox 839 2386 914 2434; x_wconf 89' lang='lat' dir='ltr'>recte</span> <span class='ocrx_word' id='word_1_221' title='bbox 930 2382 988 2434; x_wconf 86' lang='lat' dir='ltr'>fru-</span> 
     </span>
     <span class='ocr_line' id='line_1_30' title="bbox 143 2461 989 2530; baseline 0.005 -20"><span class='ocrx_word' id='word_1_222' title='bbox 143 2461 294 2514; x_wconf 85' lang='lat' dir='ltr'>mentarius</span> <span class='ocrx_word' id='word_1_223' title='bbox 306 2461 362 2528; x_wconf 89' lang='lat' dir='ltr'>ille,</span> <span class='ocrx_word' id='word_1_224' title='bbox 372 2477 429 2513; x_wconf 93' lang='lat' dir='ltr'>non</span> <span class='ocrx_word' id='word_1_225' title='bbox 441 2467 515 2514; x_wconf 90' lang='lat' dir='ltr'>recte</span> <span class='ocrx_word' id='word_1_226' title='bbox 528 2461 640 2514; x_wconf 91' lang='lat' dir='ltr'>aedium</span> <span class='ocrx_word' id='word_1_227' title='bbox 651 2461 844 2530; x_wconf 88' lang='lat' dir='ltr'>pestilentium</span> <span class='ocrx_word' id='word_1_228' title='bbox 853 2461 989 2514; x_wconf 91' lang='lat' dir='ltr'>venditor</span> 
     </span>
     <span class='ocr_line' id='line_1_31' title="bbox 143 2539 988 2596; baseline 0.006 -7"><span class='ocrx_word' id='word_1_229' title='bbox 143 2539 240 2593; x_wconf 85' lang='lat' dir='ltr'>tacuit.</span> <span class='ocrx_word' id='word_1_230' title='bbox 279 2541 334 2594; x_wconf 79' lang='lat' dir='ltr'>Sed</span> <span class='ocrx_word' id='word_1_231' title='bbox 349 2541 432 2594; x_wconf 87' lang='lat' dir='ltr'>huius</span> <span class='ocrx_word' id='word_1_232' title='bbox 450 2541 529 2594; x_wconf 90' lang='lat' dir='ltr'>modi</span> <span class='ocrx_word' id='word_1_233' title='bbox 543 2540 705 2595; x_wconf 87' lang='lat' dir='ltr'>reticentiae</span> <span class='ocrx_word' id='word_1_234' title='bbox 719 2543 779 2595; x_wconf 90' lang='lat' dir='ltr'>iure</span> <span class='ocrx_word' id='word_1_235' title='bbox 795 2541 874 2596; x_wconf 89' lang='lat' dir='ltr'>civili</span> <span class='ocrx_word' id='word_1_236' title='bbox 889 2558 988 2595; x_wconf 90' lang='lat' dir='ltr'>omnes</span> 
     </span>
     <span class='ocr_line' id='line_1_32' title="bbox 116 2620 988 2693; baseline 0.008 -26"><span class='ocrx_word' id='word_1_237' title='bbox 116 2689 118 2692; x_wconf 21' lang='grc' dir='ltr'>Ι</span> <span class='ocrx_word' id='word_1_238' title='bbox 143 2620 345 2686; x_wconf 85' lang='lat' dir='ltr'>comprehendi</span> <span class='ocrx_word' id='word_1_239' title='bbox 363 2639 419 2674; x_wconf 92' lang='lat' dir='ltr'>non</span> <span class='ocrx_word' id='word_1_240' title='bbox 434 2626 566 2690; x_wconf 90' lang='lat' dir='ltr'>possunt:</span> <span class='ocrx_word' id='word_1_241' title='bbox 586 2638 658 2691; x_wconf 87' lang='lat' dir='ltr'>quae</span> <span class='ocrx_word' id='word_1_242' title='bbox 676 2626 770 2676; x_wconf 86' lang='lat' dir='ltr'>autem</span> <span class='ocrx_word' id='word_1_243' title='bbox 788 2627 907 2693; x_wconf 86' lang='lat' dir='ltr'>possunt</span> <span class='ocrx_word' id='word_1_244' title='bbox 922 2622 988 2676; x_wconf 91' lang='lat' dir='ltr'>dili·</span> 
     </span>
     <span class='ocr_line' id='line_1_33' title="bbox 143 2702 988 2772; baseline 0.011 -25"><span class='ocrx_word' id='word_1_245' title='bbox 143 2703 241 2765; x_wconf 82' lang='lat' dir='ltr'>genter</span> <span class='ocrx_word' id='word_1_246' title='bbox 258 2704 394 2756; x_wconf 90' lang='lat' dir='ltr'>tcncntur.</span> <span class='ocrx_word' id='word_1_247' title='bbox 431 2703 469 2754; x_wconf 90' lang='lat' dir='ltr'>M.</span> <span class='ocrx_word' id='word_1_248' title='bbox 482 2703 586 2755; x_wconf 89' lang='lat' dir='ltr'>Marius</span> <span class='ocrx_word' id='word_1_249' title='bbox 605 2702 794 2770; x_wconf 83' lang='lat' dir='ltr'>Gratidianus,</span> <span class='ocrx_word' id='word_1_250' title='bbox 810 2703 988 2772; x_wconf 90' lang='lat' dir='ltr'>propinquus</span> 
     </span>
     <span class='ocr_line' id='line_1_34' title="bbox 143 2779 988 2852; baseline 0.009 -24"><span class='ocrx_word' id='word_1_251' title='bbox 143 2781 245 2846; x_wconf 82' lang='lat' dir='ltr'>noster,</span> <span class='ocrx_word' id='word_1_252' title='bbox 256 2779 285 2832; x_wconf 89' lang='lat' dir='ltr'>C.</span> <span class='ocrx_word' id='word_1_253' title='bbox 297 2781 394 2850; x_wconf 85' lang='lat' dir='ltr'>Sergio</span> <span class='ocrx_word' id='word_1_254' title='bbox 408 2783 509 2835; x_wconf 87' lang='lat' dir='ltr'>Oratae</span> <span class='ocrx_word' id='word_1_255' title='bbox 521 2782 689 2835; x_wconf 86' lang='lat' dir='ltr'>vendiderat</span> <span class='ocrx_word' id='word_1_256' title='bbox 704 2783 786 2836; x_wconf 88' lang='lat' dir='ltr'>aedes</span> <span class='ocrx_word' id='word_1_257' title='bbox 801 2799 854 2850; x_wconf 88' lang='lat' dir='ltr'>eas,</span> <span class='ocrx_word' id='word_1_258' title='bbox 866 2799 936 2852; x_wconf 89' lang='lat' dir='ltr'>quas</span> <span class='ocrx_word' id='word_1_259' title='bbox 951 2784 988 2836; x_wconf 87' lang='lat' dir='ltr'>ab</span> 
     </span>
     <span class='ocr_line' id='line_1_35' title="bbox 143 2857 985 2934; baseline 0.007 -24"><span class='ocrx_word' id='word_1_260' title='bbox 143 2857 242 2910; x_wconf 86' lang='lat' dir='ltr'>eodem</span> <span class='ocrx_word' id='word_1_261' title='bbox 261 2858 321 2927; x_wconf 92' lang='lat' dir='ltr'>ipse</span> <span class='ocrx_word' id='word_1_262' title='bbox 336 2861 432 2928; x_wconf 85' lang='lat' dir='ltr'>paucis</span> <span class='ocrx_word' id='word_1_263' title='bbox 452 2868 516 2914; x_wconf 88' lang='lat' dir='ltr'>autc</span> <span class='ocrx_word' id='word_1_264' title='bbox 537 2863 617 2915; x_wconf 89' lang='lat' dir='ltr'>annis</span> <span class='ocrx_word' id='word_1_265' title='bbox 635 2869 746 2917; x_wconf 88' lang='lat' dir='ltr'>emerat.</span> <span class='ocrx_word' id='word_1_266' title='bbox 783 2865 841 2915; x_wconf 85' lang='lat' dir='ltr'>Eae</span> <span class='ocrx_word' id='word_1_267' title='bbox 861 2863 985 2934; x_wconf 83' lang='lat' dir='ltr'>[Sergio]</span> 
     </span>
     <span class='ocr_line' id='line_1_36' title="bbox 143 2937 986 3012; baseline 0.012 -24"><span class='ocrx_word' id='word_1_268' title='bbox 143 2937 309 3005; x_wconf 84' lang='lat' dir='ltr'>serviebant,</span> <span class='ocrx_word' id='word_1_269' title='bbox 322 2940 370 2991; x_wconf 89' lang='lat' dir='ltr'>sed</span> <span class='ocrx_word' id='word_1_270' title='bbox 387 2941 441 2991; x_wconf 91' lang='lat' dir='ltr'>hoc</span> <span class='ocrx_word' id='word_1_271' title='bbox 458 2941 489 2992; x_wconf 91' lang='lat' dir='ltr'>in</span> <span class='ocrx_word' id='word_1_272' title='bbox 507 2942 648 3012; x_wconf 88' lang='lat' dir='ltr'>mancipio</span> <span class='ocrx_word' id='word_1_273' title='bbox 666 2944 770 2996; x_wconf 88' lang='lat' dir='ltr'>Marius</span> <span class='ocrx_word' id='word_1_274' title='bbox 788 2960 846 2995; x_wconf 90' lang='lat' dir='ltr'>non</span> <span class='ocrx_word' id='word_1_275' title='bbox 865 2943 986 2998; x_wconf 84' lang='lat' dir='ltr'>dixerat.</span> 
     </span>
     <span class='ocr_line' id='line_1_37' title="bbox 143 3017 988 3091; baseline 0.014 -26"><span class='ocrx_word' id='word_1_276' title='bbox 143 3017 277 3068; x_wconf 89' lang='lat' dir='ltr'>Adducta</span> <span class='ocrx_word' id='word_1_277' title='bbox 296 3033 339 3070; x_wconf 92' lang='lat' dir='ltr'>res</span> <span class='ocrx_word' id='word_1_278' title='bbox 358 3017 388 3068; x_wconf 89' lang='lat' dir='ltr'>in</span> <span class='ocrx_word' id='word_1_279' title='bbox 406 3019 543 3072; x_wconf 89' lang='lat' dir='ltr'>iudicium</span> <span class='ocrx_word' id='word_1_280' title='bbox 562 3027 610 3075; x_wconf 90' lang='lat' dir='ltr'>est.</span> <span class='ocrx_word' id='word_1_281' title='bbox 649 3025 762 3076; x_wconf 88' lang='lat' dir='ltr'>Oratam</span> <span class='ocrx_word' id='word_1_282' title='bbox 781 3026 901 3091; x_wconf 71' lang='lat' dir='ltr'>Crassus</span> <span class='ocrx_word' id='word_1_283' title='bbox 918 3025 988 3077; x_wconf 84' lang='lat' dir='ltr'>Gra-</span> 
     </span>
     <span class='ocr_line' id='line_1_38' title="bbox 143 3093 989 3173; baseline 0.014 -28"><span class='ocrx_word' id='word_1_284' title='bbox 143 3093 283 3148; x_wconf 87' lang='lat' dir='ltr'>tidianum</span> <span class='ocrx_word' id='word_1_285' title='bbox 305 3095 473 3150; x_wconf 85' lang='lat' dir='ltr'>defendebat</span> <span class='ocrx_word' id='word_1_286' title='bbox 492 3099 640 3155; x_wconf 84' lang='lat' dir='ltr'>Autonius.</span> <span class='ocrx_word' id='word_1_287' title='bbox 678 3103 725 3155; x_wconf 88' lang='lat' dir='ltr'>Ius</span> <span class='ocrx_word' id='word_1_288' title='bbox 747 3105 862 3156; x_wconf 82' lang='lat' dir='ltr'>Crassus</span> <span class='ocrx_word' id='word_1_289' title='bbox 886 3119 989 3173; x_wconf 86' lang='lat' dir='ltr'>urgue-</span> 
     </span>
    </p>
   </div>
   <div class='ocr_carea' id='block_1_2' title="bbox 0 0 1135 3448">
    <p class='ocr_par' dir='ltr' id='par_1_3' title="bbox 0 0 1135 3448">
     <span class='ocr_line' id='line_1_39' title="bbox 0 0 1135 3448; baseline 0 0"><span class='ocrx_word' id='word_1_290' title='bbox 0 0 1135 3448; x_wconf 95' lang='lat' dir='ltr'> </span> 
     </span>
    </p>
   </div>
  </div>
 </body>
</html>
