2256 3448
255 122 324 172 LIB.
341 122 405 183 111.‚
420 122 498 172 CAP.
515 119 749 188 xxva-xxix„
765 119 901 180 §se-104.
953 123 1006 186 183Ι

157 207 288 278 publicae
307 206 502 259 conducebat?
524 209 618 274 potest
635 208 737 274 nutem,
751 205 828 273 quod
843 204 943 280 inutile
961 205 1004 258 rei'

156 287 289 358 publicae
301 286 346 355 sit,
358 285 390 338 id
402 285 534 354 cuiquam
546 285 603 338 civi
614 285 685 338 utile
697 287 775 339 00001

192 367 327 422 XXVIII.
346 367 514 420 Pervertunt
532 365 659 418 homines
678 381 717 437 ea,
731 381 802 433 quae
821 369 888 418 sunt
903 365 1002 420 funda·

157 453 253 504 menta
263 453 386 515 naturae,
395 462 459 499 eum
471 445 623 500 utilitatem
636 446 671 499 ab
682 446 828 500 honestate
842 446 1001 516 seiungunt

158 531 262 582 Omnes
274 527 350 582 enim
362 526 520 598 expetimus
531 525 685 580 utilitatem
699 527 737 579 ad
750 542 867 594 eamque
878 527 1003 596 rapimur

157 625 211 662 nec
224 609 316 662 facere
331 607 412 661 aliter
426 608 485 660 ullo
500 607 587 659 modo
601 622 756 676 possumus,
793 608 868 662 Num
883 608 947 676 quis
961 611 1004 660 est

158 689 209 759 qui
226 687 434 770 utilia'fugiatl
453 690 502 739 aut
517 685 581 754 quis
594 685 691 756 potius
706 685 756 755 qui
774 703 807 740 00
824 703 882 740 000
896 687 1003 740 studio-

159 769 266 822 sissimo
286 769 488 839 persequaturl
526 767 582 821 Sed
604 766 670 838 quia
693 783 837 838 nusquam,
857 783 1004 838 possumus
1098 829 1102 848 q

158 849 214 902 nisi
232 849 264 900 in
281 849 373 917 laude,
389 849 497 917 decore,
512 847 659 901 honestate
677 847 760 900 utilia
777 848 905 918 reperire,
920 863 1003 918 prop-

159 935 233 982 terea
242 927 291 981 illa
304 932 332 981 et
341 927 432 998 prima
445 932 473 981 et
486 943 594 982 summa
605 928 748 998 habemus,
757 927 890 982 utilitatis
901 945 1004 982 nomen

159 1027 217 1078 non
228 1009 482 1079 tam-splendidum
492 1024 577 1077 quam
589 1008 779 1077 necessarium·
786 1009 922 1064 ducimus.
943 1009 1003 1063 102.

160 1093 176 1145 ‘.‘
185 1090 261 1156 Quia
274 1094 316 1156 est
327 1089 416 1159 igitur
423 1092 438 1120 ’³
449 1089 554 1143 dixerit
566 1089 629 1158 quis
638 1092 654 1118 “
662 1089 693 1144 in
705 1089 765 1143 iure
777 1089 917 1142 iurandol
935 1105 1004 1141 num

159 1171 263 1238 iratum
280 1169 411 1224 timemus
424 1170 521 1223 Iovem
530 1171 558 1224 l”
594 1170 634 1222 At
650 1169 706 1222 hoo
724 1169 839 1240 quidem
857 1184 1004 1222 commune

160 1256 202 1311 est
226 1250 351 1304 omnium
372 1249 617 1320 philosophorum,
636 1266 695 1304 non
719 1265 816 1303 eorum
840 1250 934 1318 mode,
950 1249 1004 1318 ¹qui

160 1333 245 1398 deum
262 1330 336 1386 nihil
352 1331 456 1386 habere
474 1330 568 1400 ipsum
585 1329 694 1400 negotii
713 1329 821 1398 dieunt,
836 1329 909 1382 nihil
927 1329 1004 1382 exhi-

160 1411 226 1470 bere
240 1411 329 1480 alteri,
342 1412 393 1466 sed
407 1427 504 1469 eorum
522 1411 615 1480 etiam,
628 1411 680 1480 qui
694 1411 780 1464 deum
799 1425 907 1479 semper
922 1425 1004 1479 agere

161 1491 271 1560 aliquid
292 1495 321 1546 et
340 1491 434 1548 moliri
451 1493 558 1561 volunt,
573 1507 727 1561 numquam
748 1507 800 1545 000
818 1490 901 1545 irasci
919 1492 1005 1545 deum

160 1587 212 1627 nec
230 1587 338 1624 nocere.
376 1571 452 1640 Quid
467 1575 562 1636 autem
578 1571 666 1637 iratus
680 1571 809 1642 Iuppiter
822 1573 887 1642 plus
905 1587 1004 1625 nocere

160 1651 298 1722 potuisset
309 1669 396 1720 quam
410 1652 509 1706 nocuit
521 1651 576 1705 sibi
587 1651 647 1721 ipse
660 1654 805 1722 Regulusl
823 1653 902 1706 nulla
916 1651 1005 1722 igitur

160 1731 204 1784 vis
218 1731 273 1785 fuit
287 1732 438 1802 religionis,
450 1748 522 1800 quae
536 1736 644 1786 tantam
658 1733 810 1786 utilitatem
824 1737 1003 1802 perverteret.

160 1813 207 1867 An
221 1827 257 1866 ne
268 1812 390 1886 turpiter
401 1811 522 1866 faceret?
559 1811 686 1866 Primum
695 1813 836 1866 “minima
848 1814 885 1866 de
897 1813 1004 1866 malis.”

161 1893 238 1948 Num
251 1891 340 1961 igitur
351 1893 462 1945 tautum
475 1892 544 1945 mali
555 1892 702 1962 turpitudo
716 1893 772 1947 istu
783 1894 907 1948 habebat
919 1909 1004 1962 quan-

161 1976 223 2024 tum
234 1971 286 2044 ille¹
295 1971 454 2026 cruciatus?
490 1971 602 2030 Deinde
613 1972 685 2026 illud
695 1973 781 2027 etiam
793 1973 871 2044 apud
879 1973 1004 2040 Accium,

582 2101 692 2160 Fregisti
705 2102 820 2148 fldem.-

165 2181 169 2188 ·
269 2168 358 2226 Neque
371 2169 811 2226 (10010000000100001100100001
824 2204 830 2216 .
846 2204 851 2216 .
867 2205 872 2215 .

162 2303 333 2356 quamquam¹
348 2286 383 2359 ab
396 2286 484 2356 impio
499 2302 565 2356 rege
579 2286 691 2356 dicitur,
699 2288 843 2350 luculente
854 2291 949 2340 temen
964 2287 1005 2340 di-

162 2367 243 2429 citur,
281 2369 346 2437 103.ι
356 2366 477 2420 Addunt
491 2367 585 2434 etiam,
595 2368 610 2394 “
620 2383 703 2436 quem
718 2368 883 2422 admodum
897 2384 949 2421 nos
964 2368 1005 2421 di·

162 2463 257 2500 camus
277 2446 369 2501 videri
391 2447 529 2516 quaedam
552 2446 635 2500 utilio
655 2464 727 2516 quae
750 2464 808 2501 non
831 2447 894 2516 sint,
913 2447 954 2501 sie
976 2463 1005 2500 00

163 2527 256 2580 dicere
270 2525 362 2582 videri
373 2527 515 2599 ⁴quaedam
529 2527 647 2580 honesta
662 2543 733 2596 quae
752 2544 809 2581 non
827 2527 891 2597 sint,
904 2532 936 2580 nt
950 2529 1005 2580 hoc

162 2605 256 2676 ipsum
278 2605 392 2659 videtur
415 2607 565 2659 honestum
591 2607 775 2662 conservandi
798 2607 867 2661 iuris
893 2607 1005 2661 iurandi

163 2703 248 2739 eausa
266 2685 303 2739 ad
318 2684 474 2739 cruciatum
491 2685 644 2756 reperiisse,
657 2688 707 2741 sed
721 2687 754 2740 fit
772 2703 829 2740 non
847 2688 1005 2752 honestum,

163 2767 237 2835 quia,
251 2765 329 2834 quod
347 2781 397 2834 per
412 2765 472 2818 vim
488 2765 613 2819 hostium
631 2771 703 2820 esset
722 2770 823 2836 actum,
835 2771 929 2821 ratum
946 2783 1005 2820 esse

163 2863 221 2900 000
239 2845 365 2900 debuit.'’
401 2845 522 2899 Addunt
541 2845 632 2914 etiarn,
650 2846 816 2919 “quidquid
834 2848 917 2904 valdo
937 2847 1006 2900 utile

164 2928 209 2995 sit,
221 2927 254 2980 id
267 2927 328 2980 fiori
346 2927 503 3000 honestum,
519 2926 604 2979 etiam
622 2926 647 2978 01
665 2932 747 2981 antea
764 2945 821 2982 non
837 2919 1005 2982 videretur.”

164 3009 242 3060 Haec
265 3007 323 3061 fere
349 3012 447 3061 contra
470 3008 618 3075 Regulum.
661 3007 716 3061 Sed
740 3009 831 3079 prima
853 3009 1005 3063 videamus.

164 3088 270 3140 XXIX.
309 3087 368 3142 104.
385 3087 474 3140 “Non
488 3085 543 3138 fuit
556 3085 683 3155 Iuppiter
697 3088 862 3143 metuendus
873 3087 1006 3156 ne'iratus
