2256 3448
143 137 191 184 120
453 131 503 180 Du
520 129 673 181 omens

142 221 247 270 nuntur
266 233 281 269 c
302 219 382 282 terra,
398 219 430 267 ut
450 215 505 268 alia
524 213 634 284 generis
654 213 785 280 eiusdem,
801 211 905 280 partim
925 210 985 264 ani-

141 295 234 363 malia,
248 312 319 364 quac
338 295 443 348 habent
461 311 525 348 suos
543 295 665 363 impetus
683 298 711 346 ct
725 308 818 345 rerum
833 291 984 361 appetitus.

142 378 246 430 Eomm
263 381 356 430 autem
371 375 426 428 alia
440 375 557 438 rationis
572 373 698 443 expertia
716 377 788 442 sunt,
802 373 861 425 alia
876 372 986 425 ratione

142 455 258 511 utentia.
295 457 431 526 Expertes
452 455 569 509 rationis
589 455 662 522 equi,
680 455 774 522 boves,
792 453 916 521 reliquae
937 469 986 522 pe·

142 537 235 603 eudes,
251 552 325 605 apes,
341 552 458 604 quarum
478 552 561 606 opere
580 527 699 588 efficitu'r
718 533 828 601 aliquid
847 533 884 586 ad
903 538 986 585 us'um

142 616 288 669 hominum
303 622 388 686 atque
400 616 495 670 vitam.
532 615 652 669 Ratione
667 617 759 668 sutem
774 613 915 666 utentium
928 612 987 665 cluo

143 713 245 766 genera
275 702 392 768 ponunt,
417 699 533 750 deorum
563 713 657 763 unum,
683 697 801 748 alterum
829 693 985 746 hominum.

142 779 218 830 Deos
232 780 358 848 placatos
371 778 461 847 pietas
479 777 580 830 efficiet
594 783 623 829 et
638 775 779 844 sanctitas,
792 775 921 845 proxime
938 790 987 826 au·

143 867 200 910 tem
221 865 250 912 et
268 860 422 912 secundum
443 860 512 912 deos
532 857 659 910 homines
679 857 843 909 hominibus
863 854 986 908 maxime

143 939 226 991 utiles
245 956 302 993 esse
320 945 444 1009 possunt.
482 943 523 994 12.
542 941 701 1006 Earumque
715 938 784 991 item
798 953 899 1004 rerum,
915 951 988 1004 quae

143 1025 261 1072 noceant
276 1025 303 1072 et
322 1020 423 1087 obsint,
437 1021 535 1074 eadem
550 1020 653 1072 divisio
672 1023 722 1073 est.
760 1018 816 1071 Sed
831 1017 900 1085 quia
919 1018 988 1069 deos

142 1115 242 1152 nocere
262 1117 319 1153 non
338 1106 448 1170 putant,
466 1103 511 1154 his
532 1101 657 1172 exceptis
676 1100 804 1154 homines
822 1098 988 1151 hominibus

143 1179 240 1233 obesse
265 1182 417 1251 plurimum
444 1182 621 1236 arbitrantur.
657 1183 699 1234 Ea
726 1183 801 1233 enirn
824 1179 895 1249 ipsa,
915 1195 987 1248 quae

143 1260 267 1315 inanima
286 1261 417 1330 diximus,
433 1264 566 1332 pleraque
588 1266 654 1315 sunt
671 1261 817 1314 hominum
836 1259 929 1329 operis
948 1258 988 1311 ef-

143 1341 224 1411 fecta,
238 1361 308 1413 quac
322 1361 373 1398 nec
388 1345 560 1412 haberemus,
573 1345 628 1396 nisi
642 1359 741 1396 manus
756 1347 784 1395 et
799 1358 842 1394 ars
857 1339 987 1394 accessis-

144 1431 193 1494 set,
209 1443 261 1480 nec
279 1427 314 1480 iis
335 1426 393 1479 sine
412 1426 558 1478 bominum
576 1423 818 1478 administratione
837 1427 986 1476 uteremur.

144 1506 243 1574 Neque
262 1507 337 1560 enim
355 1505 525 1561 valetudinis
543 1505 649 1558 curatio
667 1521 757 1572 neque
775 1502 922 1572 navigatio
940 1519 988 1555 ne-

145 1602 199 1653 quo
218 1587 401 1658 agricultura
419 1603 509 1656 neque
523 1585 637 1655 frugum
651 1584 846 1652 fructuumque
865 1583 987 1652 reliquo·

144 1683 205 1720 rum
217 1669 361 1738 perceptio
375 1675 403 1721 et
415 1667 587 1721 conservatio
601 1665 659 1719 sine
672 1665 818 1718 hominum
831 1681 917 1734 opera
929 1664 988 1716 ulla

144 1764 202 1800 esse
216 1749 361 1816 potuisset.
400 1750 440 1802 13.
460 1750 519 1801 Iam
532 1763 599 1800 vcro
617 1753 646 1799 et
664 1762 756 1799 earum
771 1761 870 1813 rerum,
884 1744 989 1812 quibus

145 1829 358 1895 abundaremus,
373 1829 531 1896 exportatio
549 1832 578 1880 et
595 1843 697 1894 earum,
713 1826 816 1894 quibus
834 1833 987 1896 egeremus,

144 1906 266 1960 invectio
281 1911 355 1960 certe
370 1909 447 1959 nulla
462 1912 541 1976 esset,
554 1907 609 1960 nisi
624 1907 668 1960 his
682 1905 844 1958 muneribus
858 1905 988 1958 homines

145 1987 334 2057 fungerentur.
371 1987 533 2056 Eademque
551 1988 658 2040 ratione
674 2003 725 2040 nec
739 1986 849 2056 lapides
863 2002 899 2039 ex
913 1991 987 2039 terra

145 2069 339 2122 exciderentur
350 2069 388 2122 ad
397 2085 478 2121 usum
487 2073 613 2121 nostrum
625 2068 779 2134 necessarii,
787 2083 839 2121 nec
850 2069 866 2097 ‘²
874 2067 986 2132 fenum,

145 2166 199 2218 aes,
210 2166 314 2217 aurum,
326 2151 494 2220 argentum”
508 2148 675 2202 effoderetur
687 2151 702 2177 “
710 2148 822 2217 penitus
834 2147 964 2200 abditum
970 2147 987 2174 ’⁷

145 2230 204 2283 sine
222 2231 373 2284 bominum·
385 2230 479 2282 labore
498 2233 526 2280 ct
542 2245 635 2282 manu.
671 2229 720 2283 IV.
739 2229 825 2280 Tecta
838 2243 913 2294 vero,
927 2225 988 2296 qui·

146 2311 198 2364 bus
220 2317 248 2366 et
265 2312 402 2383 frigorum
419 2310 462 2362 vis
483 2311 633 2378 pelleretur
651 2313 681 2361 et
702 2309 824 2361 calorum
842 2307 987 2361 molestiae

146 2393 314 2462 sedarentur,
328 2391 403 2444 unde
420 2395 467 2443 aut
481 2389 564 2442 initio
582 2389 677 2458 generi
691 2389 814 2440 humano
829 2387 891 2440 dari
906 2392 985 2458 potu—

145 2470 232 2525 issent
249 2477 298 2525 aut
316 2476 412 2541 postca
430 2469 578 2537 subveniri,
595 2469 619 2521 si
637 2472 686 2521 aut
700 2469 730 2522 vi
743 2467 919 2537 tempestatis
937 2471 986 2520 aut

146 2555 330 2604 terraemotu
348 2556 398 2604 aut
415 2554 553 2604 vetustate
571 2549 743 2614 cecidissent,
758 2548 812 2601 nisi
830 2546 986 2600 communis

146 2632 206 2683 vita
224 2631 260 2682 ab
278 2630 438 2683 hominibus
455 2630 554 2682 harum
571 2645 662 2682 rerum
679 2628 784 2680 auxilia
801 2633 895 2697 petere
914 2626 986 2680 didi-

147 2709 248 2763 cissctl
285 2709 326 2764 14.
345 2710 430 2763 Addo
448 2710 557 2762 ductus.
570 2725 712 2778 aquarum,
729 2707 918 2761 derivationes
936 2706 985 2759 flu-

146 2789 261 2855 minum,
278 2805 407 2857 agrorum
426 2789 610 2858 irrigationes,
625 2790 712 2842 moles
733 2787 877 2858 oppositas
897 2786 986 2841 flucti-

148 2871 206 2938 bus,
223 2873 320 2939 portus
341 2885 425 2920 manu
446 2869 544 2937 factos,
562 2885 632 2937 quae
656 2869 732 2921 unde
757 2869 816 2921 sine
841 2868 986 2921 hominum

147 2967 229 3020 opere
248 2949 350 3002 habere
368 2951 530 3017 possemusl
565 2950 609 3000 Ex
630 2948 731 3015 quibus
752 2948 903 3016 multisque
925 2947 987 3001 aliis

147 3030 324 3099 perspicuum
343 3033 392 3095 est,
406 3028 455 3094 qui
469 3027 576 3080 fructus
595 3044 721 3095 quaeque
739 3028 876 3081 utilitates
894 3044 930 3080 cx
948 3043 987 3080 rc·

148 3109 200 3162 bus
214 3109 256 3176 iis,
270 3124 341 3178 quac
356 3113 421 3160 sunt
433 3105 579 3173 inanimae,
591 3105 789 3176 percipiantur,
802 3123 849 3162 eas
862 3123 915 3162 nos
927 3108 987 3162 nul·
