2256 3448
298 127 367 176 arn.
384 125 432 186 11,
448 126 526 176 cnr.
544 126 621 176 vrrr.
637 125 698 186 rx,
714 124 729 184 s
743 127 831 174 as-aa.
938 128 985 175 iar

141 227 231 280 aeque
241 225 342 270 ¹omncs
356 210 511 280 egent‚·scd
525 213 626 278 tamen,
639 209 663 262 si
678 209 724 262 cui
738 209 807 262 hacc
822 213 984 278 suppetunt,

142 293 282 346 adiuvant
296 289 471 358 aliquantum
486 305 550 342 cum
566 291 604 342 ad
618 295 709 342 cetera
723 294 784 342 tum
799 291 836 342 ad
849 289 986 342 amicitias

142 371 353 442 comparandas.
390 371 440 424 IX.
461 369 516 423 Sed
532 370 567 422 dc
583 369 707 422 amicitia
722 370 777 422 alio
790 370 862 422 libro
877 369 987 423 dictum
1081 393 1085 401 ·

142 459 192 522 est,
206 452 260 520 qui·
268 451 429 504 inscribitur
442 453 457 480 ‘⁴
466 451 602 503 Laelius.'’
639 451 723 503 Nunc
738 451 866 504 dicamus
877 452 914 504 de
927 452 986 520 glo-

142 534 191 600 ria,
205 547 375 602 quamquam
390 547 422 584 ea
436 547 547 600 quoque
561 531 598 582 dc
612 546 641 582 re
657 531 714 582 duo
729 535 795 582 sunt
809 531 898 584 nostri
911 531 986 599 libri,

142 615 193 668 sed
207 612 379 681 attingamus
393 611 508 678 qu‘ando
523 611 638 678 quidem
653 626 686 663 eu
697 609 728 662 in
740 610 823 664 rebus
835 611 987 665 maioribus

143 691 376 752 administrandis
389 691 506 744 adiuvat
519 690 679 759 plurimum.

129 805 131 810 ·
180 775 294 828 Summa
311 772 400 841 igitur
417 775 446 824 et
464 770 587 840 perfecta
606 770 696 840 gloria
715 774 825 824 constat
844 771 988 824 extribus

143 854 204 906 his:
225 853 249 905 si
261 853 358 921 diligit
370 851 532 919 multitudo,
545 851 570 902 si
581 851 667 904 fidem
679 851 772 920 habet,
786 851 809 903 ai
825 867 888 904 cum
901 851 988 904 admi:

144 933 254 988 ratione
274 932 396 1000 quadam
414 932 520 984 bonore
540 931 643 1000 dignos
661 936 750 1000 putot.
788 933 866 985 Haec
886 937 987 1000 autem,

144 1015 168 1066 si
181 1019 223 1066 cst
238 1012 402 1082 simpliciter
417 1011 593 1078 breviterque
613 1011 773 1079 dicendum,
788 1013 890 1080 quibus
906 1013 988 1066 rebus

145 1096 293 1165 pariuntur
310 1111 327 1148 a
345 1091 471 1162 singulis,
485 1091 589 1144 eisdem
603 1091 659 1144 fere
674 1109 691 1144 a
705 1093 895 1148 multitudine.
933 1093 988 1146 Sed

131 1181 188 1228 cst
206 1175 277 1227 alius
295 1189 407 1241 quoquc
426 1171 542 1239 quidam
559 1170 654 1224 aditus
672 1172 710 1224 ad
724 1173 944 1239 multitudinem,
956 1177 989 1224 ut

132 1255 176 1308 .in
197 1255 391 1308 universorum
415 1251 522 1304 animos
542 1255 687 1318 tamquam
707 1250 822 1304 influere
842 1252 988 1319 possimus.

147 1339 189 1388 32.
212 1335 255 1387 Ac
272 1334 395 1404 primum
412 1329 448 1384 de
466 1331 523 1384 illis
539 1330 637 1398 tribus,
653 1335 805 1398 quaeante
824 1332 893 1398 dixi,
907 1333 989 1385 bene-

145 1414 286 1468 volentiae
307 1417 457 1482 praecepta
477 1409 629 1476 videamus,
649 1425 720 1478 quae
744 1410 859 1477 quidem
880 1411 990 1480 capitur

146 1493 290 1548 beneficiis
301 1493 430 1559 maxime,
440 1490 562 1544 secundo
576 1494 669 1543 autem
679 1491 741 1542 loco
750 1491 895 1544 voluntate
908 1491 990 1544 bene·

146 1577 199 1630 fica
214 1573 408 1636 benevolentia
422 1576 558 1640 movetur,
571 1570 657 1624 etiam
672 1570 696 1623 si
710 1586 753 1622 res
768 1570 839 1623 forte
854 1588 911 1624 non
926 1587 990 1640 sup-

28 1647 35 1659 ’
135 1657 227 1726 petit.
253 1685 257 1702 ·.
265 1655 451 1711 Vehementer
463 1657 556 1705 autem
571 1667 649 1704 amor
663 1651 854 1704 multitudinis
870 1667 990 1705 commo-

147 1743 230 1791 vetur
241 1735 303 1806 ipsa
315 1735 389 1787 sama
403 1739 432 1787 et
444 1732 577 1802 opinione
590 1731 989 1802 liberalitatis,beneficentiae,

147 1817 279 1884 iustitiae,
287 1815 355 1869 fidei
368 1814 548 1880 omniumque
562 1812 656 1864 earum
668 1811 813 1878 virtutum,
824 1829 894 1882 quae
907 1815 990 1884 perti·

147 1904 217 1952 nent
231 1899 270 1951 ad
284 1894 529 1950 mansuetudinem
544 1909 653 1946 morum
671 1910 704 1946 ac
718 1893 890 1955 facilitatem.
926 1897 990 1948 Ete-

147 1980 206 2032 nim
227 1977 420 2046 illud·ipsum‚
439 1974 687 2043 quodbonestum
709 1975 896 2043 decorumque
921 1975 990 2028 dici·

147 2075 218 2126 mus,
238 2057 304 2126 quia
327 2073 378 2126 per
402 2071 430 2108 se
455 2053 537 2107 nobis
560 2055 654 2124 placet
677 2054 840 2122 animosque
866 2055 990 2106 omnium

148 2147 248 2192 natura
262 2143 291 2191 et
305 2136 397 2206 specie
412 2151 462 2188 sua
476 2138 634 2188 commovet
647 2133 823 2200 maximeque
839 2135 916 2201 quasi
930 2151 990 2203 per-

148 2221 224 2273 lucet
238 2234 272 2272 ex
287 2217 335 2283 eis,
349 2222 418 2284 quas
426 2213 655 2281 commemoravi,
664 2212 823 2280 virtutibus,
837 2213 943 2266 idcirco
957 2214 990 2266 il-

134 2299 243 2370 1los,in
262 2298 365 2366 quibus
383 2311 429 2349 eas
447 2295 566 2358 virtutes
584 2309 643 2346 esse
662 2309 760 2360 remur,
777 2309 793 2346 a
810 2299 911 2346 natura
928 2293 991 2362 ipsa

148 2380 266 2448 diligere
281 2377 416 2447 cogimur.
441 2375 536 2442 Atque
547 2375 600 2426 hae
610 2372 725 2442 quidem
737 2388 835 2426 causae
850 2372 990 2442 diligendi

148 2458 341 2529 gravissimae:
359 2461 476 2527 possunt
495 2455 568 2508 enim
586 2460 727 2524 praeterea
744 2471 802 2506 non
820 2455 913 2507 nullae
932 2471 991 2508 esse

149 2540 273 2594 leviores.
312 2542 354 2593 33.
373 2538 460 2590 Fides
477 2541 571 2588 autem
585 2541 618 2588 ut
633 2535 769 2587 habeatur
785 2535 894 2588 duabus
908 2537 991 2590 rebus

148 2621 221 2675 effici
230 2623 339 2690 potest:
358 2619 381 2672 si
394 2617 615 2671 existimabimur
627 2615 725 2685 adepti
737 2615 915 2671 coniunctam
927 2635 991 2672 cum

148 2702 256 2754 iustitia
269 2699 457 2770 prudentiam.
494 2699 567 2751 Nam
580 2702 608 2750 et
620 2696 655 2748 iis
667 2697 753 2750 fidem
766 2698 908 2766 habemus,
922 2717 991 2768 quos

148 2784 213 2852 plus
230 2782 392 2849 intellegere
411 2795 495 2847 quarn
510 2793 561 2830 nos
580 2776 747 2829 arbitramur
765 2795 889 2848 quosque
908 2787 936 2833 et
950 2780 991 2832 fu-

121 2885 124 2892 ·
148 2869 212 2914 tura
224 2860 382 2930 prospicere
398 2858 535 2911 credimus
550 2862 586 2924 et,
600 2872 662 2908 curn
678 2873 727 2910 res²
736 2864 836 2927 agatur
850 2859 880 2911 in
896 2859 991 2912 discri-

148 2957 269 3009 menque
278 2945 393 2994 ventum
406 2938 451 3005 sit,
462 2937 593 3006 expedire
606 2953 664 2989 rein
677 2943 705 2989 et
717 2939 864 2990 consilium
877 2956 911 2990 ex
924 2945 991 2990 tem·

148 3040 217 3094 porc
237 3037 335 3091 capere
354 3035 448 3089 posse:
473 3018 547 3070 hanc
567 3016 641 3070 enim
659 3017 758 3071 utilem
776 3018 902 3070 homines
921 3018 991 3070 exis·

148 3105 253 3158 timont
270 3116 419 3168 veramque
437 3097 624 3168 prudentiam.
669 3097 754 3152 Iustis
772 3101 865 3151 autem
883 3101 912 3148 et
927 3096 1001 3148 fidis.
