2272 3442
319 94 331 106 .
385 67 402 104 ι.
483 39 580 123 ,W
595 21 632 48 ἰ

337 57 501 208 ὣΙιΙΠΒ.
538 132 615 182 CAP.
634 134 697 182 XX.
716 135 796 183 XXI.
875 162 877 166 ·
958 138 988 184 51

121 231 123 236 ·
138 225 270 278 omrmque
283 210 423 264 distantia.
440 196 499 288 [⁴15.
519 211 606 266 Recte
621 214 704 267 etiam
719 215 839 283 praecipi
853 217 947 282 potest
962 215 989 266 iu

137 286 264 339 amicitiis
285 303 320 340 ne
340 287 523 354 intemperata
544 290 679 356 quaedam
699 291 894 355 benevolentia,
915 290 989 359 quod

137 379 267 430 persaepe
280 363 319 430 fit,
331 363 463 430 impediat
472 380 583 431 magnas
592 367 728 420 utilitates
737 369 893 421 amicorum.
930 367 990 420 Nee

137 437 218 504 onim,
230 441 261 490 ut
273 438 309 490 ad
321 438 426 490 fabulas
435 438 554 506 redeam,
564 439 673 507 Trojam
684 442 881 510 Neoptolemus
891 458 990 510 capere

136 514 278 581 potuisset,
303 514 326 567 si
351 513 531 581 Lycomedem
554 516 628 584 apud
654 534 736 585 quem
762 522 822 571 erat
849 519 988 586 educatus,

14 556 74 640 ³³4!-
136 588 231 654 multis
254 606 318 644 cum
334 589 457 652 incrinus
481 590 535 644 iter
558 608 637 644 suum
663 593 878 661 impedientem,¹
893 594 989 647 audire

28 661 282 732 weffltoluissea
294 671 323 720 et
335 683 417 734 saepe
429 667 553 721 incidunt
565 685 681 735 magnae
694 685 738 722 res
750 672 781 722 ut
791 669 988 723 discedendum

55 787 86 824 e·
137 743 173 794 sit
185 743 220 796 ab
232 743 326 796 amicis
337 763 342 797 ε
355 758 423 812 quas
436 743 482 811 qui
496 743 630 812 impedire
646 744 712 812 vult,
729 745 804 813 quod
822 745 1010 812 desiderimnr

13 811 54 896 “¹⁰⁹
69 807 189 902 ,senaim
205 818 284 872 facile
300 819 378 893 Q,
396 819 419 871 is
436 823 464 872 et
481 818 604 873 infirmus
621 824 664 874 est
679 821 824 890 mollisque
842 825 941 874 natura
958 825 988 874 et

27 867 66 937 3⁴²
136 893 249 947 obeam
270 895 357 963 ipsam
378 911 486 948 causam
507 895 535 948 in
556 896 677 950 amicitia
697 913 793 966 parum
810 897 911 965 justus.
947 901 988 954 76.

137 970 232 1038 Atque
247 971 275 1024 in
290 970 364 1023 omni
381 987 411 1024 re
427 971 653 1025 considerandum
671 977 715 1026 est
731 977 760 1026 et
778 973 846 1041 quid
864 973 987 1042 postules

135 1043 171 1098 ab
182 1047 268 1100 amico
281 1050 311 1100 et
322 1045 508 1115 quid'patiarc
520 1063 537 1100 a
549 1051 578 1100 te
590 1049 738 1116 impetrari.

188 1121 266 1175 XXI.
284 1122 334 1175 Est
346 1123 429 1175 etiam
443 1123 520 1190 quasi
530 1123 664 1192 quaedam
673 1124 813 1178 calamitas
822 1124 850 1176 in
860 1125 987 1178 amicitiis

135 1196 308 1250 dimittendis
325 1214 518 1266 nonnunquam
535 1200 687 1252 necessaria
697 1219 704 1264 ;
716 1199 777 1268 jam
793 1201 866 1253 enim
882 1217 899 1252 a
915 1201 986 1269 sapi-

135 1273 238 1326 entium
264 1273 495 1326 familiaritatibus
522 1275 558 1327 ad
583 1275 713 1342 vulgares*
735 1276 868 1329 amicitias
897 1277 985 1329 oratio

135 1352 229 1400 nostra
241 1347 384 1400 delabitur.
420 1349 574 1416 Erumpunt
589 1366 670 1418 saepe
683 1350 750 1402 vitia
763 1351 910 1404 amicorum
925 1355 984 1404 tum

135 1422 163 1474 in
175 1422 248 1488 ipsos
261 1423 360 1476 amieos
373 1427 432 1477 tum
444 1423 471 1476 in
483 1424 593 1490 alienos,
606 1440 721 1493 quorum
733 1429 825 1478 tamen
837 1425 872 1477 ad
885 1427 985 1479 amicos

134 1498 272 1552 redundet
283 1498 403 1554 infamia.
421 1499 501 1553 Tales
512 1499 597 1567 igitur
608 1499 745 1553 amicitiae
754 1501 985 1556 suntremissioae

134 1591 200 1628 usus
212 1571 351 1643 eluendae,
365 1579 401 1641 et,
414 1579 446 1629 ut
459 1576 590 1630 Catonem
603 1575 698 1629 dicere
706 1575 805 1642 audivi,
819 1575 982 1631 dissuendae

134 1652 220 1718 magis
246 1649 328 1720 quam
358 1651 565 1716 discindendae;
594 1652 645 1704 nisi
675 1651 809 1719 quaedam
838 1653 984 1706 admodum

133 1728 312 1781 intolerabilis
330 1727 431 1796 injuria
450 1729 592 1796 exarserit,
610 1732 642 1782 ut
660 1744 749 1796 acque
767 1733 873 1782 rectmn
897 1745 985 1797 neque

134 1802 277 1857 honestum
287 1805 383 1858 sitnec
395 1804 454 1857 fieri
466 1804 552 1872 possit
563 1809 595 1858 ut
609 1821 663 1857 non
679 1803 772 1857 statim
789 1804 915 1857 alienatio
932 1805 985 1857 dis

129 1877 290 1948 junctioque
303 1879 427 1934 facienda
443 1880 486 1934 sit.
529 1885 568 1938 77.
588 1879 635 1933 Sin
650 1885 742 1934 autem
757 1883 805 1933 aut
819 1897 924 1934 morum
936 1885 984 1933 aut

133 1955 287 2008 studiorum
299 1957 474 2010 commutatio
487 1956 628 2023 quaedam,
641 1961 672 2010 ιιι
685 1956 744 2010 fieri
757 1957 833 2021 solet,
843 1956 983 2024 scateant,

132 2035 181 2084 aut
193 2032 219 2084 in
230 2031 403 2100 reipublicae
412 2031 537 2099 partibus
546 2031 677 2085 dissensio
686 2033 879 2098 intercesserit,
889 2031 985 2099 loquor

133 2107 205 2159 enim
213 2107 280 2174 jam,
292 2110 324 2159 ut
335 2107 425 2174 paullo
437 2111 501 2165 ante
513 2107 577 2172 dixi,
591 2108 692 2160 nonde
704 2108 866 2175 sapientium
883 2107 931 2160 sed
949 2107 984 2160 de

133 2182 321 2234 communibus
333 2182 466 2247 amicitiis,
478 2183 628 2234 cavendum
641 2183 693 2235 erit
705 2200 740 2237 ne
752 2199 804 2235 non
817 2183 903 2235 solum
919 2184 984 2235 ami-

133 2257 214 2310 citiae
229 2256 370 2322 depositae
386 2255 529 2309 sedetiam
547 2259 702 2313 inimicitiae
718 2262 859 2325 susceptae
874 2258 998 2314 videam,
1012 2317 1025 2336 ι

133 2337 186 2384 tur.
207 2332 282 2384 Nihil
295 2332 366 2384 enim
378 2326 485 2399 turpius
497 2349 578 2400 quam
589 2349 651 2386 cum
660 2351 693 2386 eo
702 2333 803 2386 bellum
816 2350 912 2400 gerere
924 2334 983 2401 qui·
1007 2353 1021 2372 *-

133 2424 194 2460 cum
207 2407 378 2462 familiariter
390 2407 498 2460 rixeris.
534 2407 580 2460 Ab
592 2408 711 2462 amicitia
729 2409 762 2472 Q.
783 2409 904 2476 Pompeii
923 2426 983 2463 meo

133 2483 240 2538 nomine
253 2501 282 2537 se
298 2487 459 2552 removerat,
475 2486 507 2536 ut
523 2483 607 2552 scitis,
626 2483 732 2552 Scipi03
750 2487 863 2553 propter
881 2484 983 2540 dissen-

133 2561 236 2614 sionem
253 2563 353 2628 autem,
367 2577 437 2629 quae
454 2563 514 2613 erat
529 2560 556 2612 in
572 2577 604 2614 re
621 2560 737 2628 publica,
755 2561 888 2616 alienatus
906 2567 949 2616 est
966 2581 983 2617 a

133 2636 237 2704 collega
248 2640 341 2689 nostro
354 2635 474 2704 Metello.
502 2636 658 2704 Utrumque
671 2637 728 2704 egit
739 2637 866 2705 graviter,
879 2643 982 2692 auctor-

133 2712 201 2765 itate
217 2716 246 2766 et
262 2712 410 2766 offensione
425 2713 508 2765 animi
524 2729 577 2765 non
595 2712 702 2766 acerba.
739 2718 780 2770 78.
800 2714 982 2778 Quamobrem

133 2790 249 2854 primum
262 2788 354 2841 danda
365 2805 449 2858 opera
460 2793 504 2842 est
515 2805 605 2856 nequa
616 2790 764 2843 amicorum
777 2791 890 2844 discidia
899 2791 982 2862 fiant;

98 2925 102 2938 ι
133 2864 247 2918 sintela
264 2865 369 2933 aliquid
387 2865 516 2932 evenerit,
534 2869 566 2930 ut
584 2865 721 2919 extinctae
737 2867 829 2934 potius
846 2866 982 2920 amicitiae

133 2955 215 3006 qaam
239 2957 384 3009 oppressae
408 2957 468 2994 csse
491 2940 643 3012 videantur.
681 2941 839 2995 Cavendum
863 2959 927 2994 vero
947 2959 982 2994 ne

133 3014 216 3067 etiam
232 3016 259 3068 in
275 3031 378 3083 graves·
389 3016 544 3070 inimicitias
562 3020 721 3070 convertant
740 3035 769 3071 se
786 3017 928 3082 amicitiae,
948 3034 981 3068 ex

133 3091 233 3159 quibus
245 3091 345 3160 jurgia,
362 3091 514 3156 maledicta,
532 3093 710 3146 contumeliae
728 3094 893 3160 gignuntur:
912 3108 982 3158 quac

133 3170 226 3222 tauron
242 3167 265 3220 si
281 3167 438 3220 tolerabiles
454 3171 543 3234 crmrt,
557 3168 686 3222 ferendae
702 3173 773 3232 sunt,
792 3171 821 3220 et
838 3167 882 3219 hie
898 3166 982 3221 honos

501 3333 698 3370 a·
