2256 3448
258 134 327 184 LlB.
344 133 392 196 ΙΙ.,
409 133 486 184 ΟΑΡ.
504 135 727 196 XXIlI.-XXV.‚
741 133 756 194 §
771 136 859 184 82-88.
938 137 986 184 147
1033 165 1038 174 -

141 222 191 286 ret,
202 233 325 289 peccare,
336 217 421 270 etiam
434 218 457 270 si
470 235 554 272 causa
566 235 621 272 non
635 223 713 272 esset.
747 221 793 272 85.
809 218 855 272 Ab
867 217 922 270 hoc
934 217 986 287 igi-

142 304 189 352 tur
210 315 313 369 genere
333 298 499 368 largitionis,
514 304 547 351 ut
565 299 627 352 aliis
649 301 739 367 detur,
755 299 818 352 aliis
838 298 985 367 auferatur,

143 381 259 433 aberunt
274 379 303 447 ii,
315 383 363 447 qui
382 395 440 432 rem
454 379 597 448 publicam
611 380 773 447 tuebuntur,
786 380 817 432 in
832 379 986 449 primisque

143 477 256 530 operam
269 461 380 513 dabunt
394 465 427 512 ut
442 460 510 512 iuris
525 465 553 512 et
567 459 736 512 iudiciorum
751 461 892 529 nequitate
905 477 987 514 suum

143 541 262 610 quisque
274 545 369 594 teneat
379 545 407 593 et
416 556 508 607 neque
519 540 660 593 tenuiores
672 544 787 609 propter
797 541 987 602 humilitatem

142 621 397 674 circumveniantur
405 637 495 688 neque
505 620 693 689 locupletibus
705 621 742 672 ad
752 637 801 674 sua
810 623 856 676 vel
865 623 987 674 tenenda

108 758 110 760 ,
142 705 188 756 vel
196 703 389 772 recuperanda
399 701 474 754 obsit
486 701 603 768 invidia,
612 705 754 770 praeterea
764 701 986 770 quibuscumque

143 785 225 838 rebus
238 785 285 836 vel
303 783 372 836 belli
387 784 432 848 vel
452 781 531 835 domi
551 787 682 850 poterunt
702 785 760 834 'rem
778 782 921 851 publicam
940 799 987 834 au-

143 870 228 934 geant
251 865 378 934 imperio,
394 863 476 932 agris,
490 863 684 934 vectigalibus.
722 865 800 916 Haec
821 879 987 932 magnorum

143 945 289 998 hominum
308 950 382 1009 sunt,
401 945 469 996 haec
489 944 566 1012 apud
586 943 703 996 maiores
722 943 986 1012 nostrosfactitata,

143 1027 212 1079 haec
227 1041 329 1094 genera
344 1023 499 1076 officiorum
515 1023 565 1090 qui
579 1029 783 1092 persequuntur
799 1031 863 1076 cum
878 1040 986 1082 summa

143 1106 267 1159 utilitate
279 1105 320 1158 rei
331 1103 462 1174 publicae
473 1119 605 1173 magnam
617 1103 673 1174 ipsi
683 1104 876 1174 adipiscentur
887 1109 916 1158 et
925 1121 987 1174 gra-

143 1186 212 1240 tiam
224 1190 254 1239 ct
265 1185 392 1254 gloriam.

143 1313 146 1321 l
178 1269 220 1321 86.
240 1267 274 1318 In
287 1265 331 1318 his
344 1269 437 1318 autem
446 1263 602 1317 utilitatum
611 1263 767 1333 praeceptis
774 1263 925 1332 Antipater
933 1266 987 1332 Ty-

125 1372 127 1376 ·
142 1347 210 1414 riusa
219 1345 337 1412 Stoicus,
348 1345 398 1412 qui
407 1344 528 1397 Athenis
538 1360 627 1412 nuper
640 1348 681 1396 est
693 1347 827 1410 mortuus,
839 1335 896 1396 duo
908 1360 986 1412 prae·

142 1427 227 1488 ten'ta
239 1432 332 1478 censet
345 1441 403 1478 esse
413 1441 429 1478 a
441 1425 584 1493 Panaetio,
593 1423 763 1478 valetudinis
776 1424 947 1477 curationem
958 1430 986 1477 et

142 1507 285 1576 pecuniae,
295 1521 364 1573 quas
377 1521 420 1557 res
433 1521 449 1558 a
462 1504 756 1574 summorplrilosopho
768 1504 933 1574 praeteritas
945 1521 986 1556 ar-

142 1587 239 1656 bitror,
250 1587 328 1654 quod
342 1590 433 1638 essent
445 1585 556 1639 faciles:
576 1590 641 1638 sunt
653 1592 727 1638 certe
740 1585 833 1639 utiles.
872 1585 927 1638 Sed
939 1601 986 1638 vo-

142 1671 240 1722 letudo
253 1673 426 1722 sustentatur
438 1668 540 1721 notitia
555 1667 600 1720 sui
614 1666 739 1736 corporis
751 1670 780 1720 et
793 1665 985 1720 observatione

143 1767 214 1818 quae
227 1766 270 1803 res
281 1754 330 1802 aut
341 1749 473 1819 prodesse
484 1749 591 1800 soleant
601 1752 649 1800 aut
661 1747 758 1800 obesse
771 1751 799 1798 et
812 1747 986 1800 continentia

142 1831 172 1882 in
185 1831 264 1885 victu
277 1830 355 1883 omni
367 1835 452 1897 atque
465 1830 545 1884 cultu
559 1828 684 1898 corporis
699 1827 798 1880 tuendi
813 1843 896 1881 causa
908 1844 986 1896 prae-

143 1911 332 1964 termittendis
346 1909 547 1979 voluptatibus
562 1914 702 1978 postremo
721 1914 779 1961 arte
799 1925 903 1976 eorum,
919 1923 985 1977 quo-

143 2008 205 2044 rum
220 1993 259 2044 ad
277 1991 422 2044 scientiam
437 1991 506 2042 haec
524 1990 673 2058 pertinent.
711 1991 754 2043 87.
769 1991 825 2042 Res
840 1978 932 2041 autem
947 1988 985 2040 fa-

143 2071 260 2125 miliaris
273 2071 368 2139 quaeri
381 2071 467 2124 debet
478 2069 514 2122 iis
529 2070 620 2135 rebuS,
634 2086 650 2120 a
663 2068 765 2136 quibus
778 2069 857 2121 abest
866 2067 985 2137 turpitu-

144 2154 190 2221 do,
204 2151 362 2206 conservari
374 2155 469 2204 antem
483 2149 632 2220 diligentia
647 2154 675 2201 et
686 2148 866 2216 parcimonia,
879 2148 986 2201 eisdem

143 2235 229 2288 etiam
238 2235 321 2288 rebus
331 2233 436 2303 augeri.
451 2233 527 2294 ‚Has
539 2248 582 2284 res
592 2229 816 2284 commodissime
826 2230 985 2301 Xenophon
1023 2284 1026 2291 7

144 2315 303 2368 Socraticus
317 2318 479 2384 persecutus
494 2317 536 2366 est
550 2312 580 2363 in
596 2328 628 2364 eo
643 2311 724 2378 libro,
736 2310 786 2378 qui
799 2312 814 2339 “
823 2311 985 2362 Oeconomi-

143 2397 214 2447 (τηευ
231 2395 401 2462 inscribitur,
413 2410 496 2461 quem
511 2408 570 2458 nos,
583 2391 639 2444 ista
656 2390 713 2442 fore
732 2393 823 2443 aetate
838 2406 901 2443 cum
916 2407 985 2443 essc-

142 2481 204 2528 mus'
214 2492 270 2543 qua
283 2492 311 2527 es
324 2480 355 2527 tu
368 2489 451 2541 nunc,
461 2489 476 2526 e
487 2473 592 2526 Graeco
606 2471 636 2523 in
645 2470 778 2523 Latinum
790 2470 984 2526 convertimus.

178 2556 267 2610 XXV.
306 2557 348 2608 88.
369 2554 425 2607 Sed
435 2552 589 2606 utilitatum
602 2551 782 2621 comparatio,
793 2551 926 2620 quoniam
938 2553 985 2605 hic

143 2635 221 2688 locus
236 2639 295 2688 erat
308 2639 457 2704 quartus‚a
472 2632 607 2686 Panaetio
622 2631 838 2701 praetermissus,
849 2648 930 2703 saepe
945 2639 986 2686 est

142 2715 308 2769 necessaria„
341 2715 415 2768 Nam
431 2719 459 2766 et
474 2712 599 2782 corporis
617 2713 765 2765 commoda
784 2729 848 2765 cum
863 2715 985 2767 externis

143 2801 171 2849 et
190 2801 305 2849 externe
323 2811 387 2848 cnm
406 2794 530 2863 corporis
549 2797 578 2846 et
595 2793 657 2862 ipsa
674 2793 749 2846 inter
767 2810 795 2846 se
815 2795 939 2864 corporis
957 2800 985 2849 et

142 2882 257 2930 externa
271 2893 335 2929 cum
347 2875 469 2928 externis
481 2873 636 2943 comparari
646 2875 743 2928 solent.
778 2878 849 2930 Cum
862 2876 985 2929 externis

142 2958 267 3026 corporis
279 2958 334 3009 hoc
346 2957 432 3009 modo
446 2957 752 3024 comparantu1·‚valere
765 2960 797 3008 ut
809 2956 890 3008 malis
900 2973 984 3023 quam

142 3037 223 3090 (lives
236 3054 303 3105 esse,
313 3053 376 3090 cum
392 3035 515 3105 corporis
531 3039 644 3087 externa
660 3035 713 3087 hoc
728 3036 822 3102 modo,
834 3035 913 3087 dives
926 3051 984 3087 esse

140 3116 237 3188 potius
256 3133 341 3186 quam
362 3115 492 3170 maximis
515 3114 638 3184 corporis
656 3114 770 3182 viribus,
785 3113 846 3182 ipsa
864 3113 937 3166 inter
955 3129 983 3166 se
