2256 3448
283 145 352 194 nia.
369 145 417 206 11.‚
434 145 512 194 oar.
529 145 711 207 rra-xxa„
728 144 743 205 s
758 147 847 196 rr-ra.
940 147 987 198 rra

143 228 314 284 constitutae
326 232 398 282 sunt.
435 229 517 297 Nam,
526 228 578 282 etsi
588 230 661 282 duce
672 233 771 282 natura
780 229 988 298 congregaban-

143 316 190 364 tur
207 309 343 375 homines,
355 314 450 362 tamen
468 326 517 378 epe
536 310 682 363 custodiae
702 327 794 362 rerum
814 327 925 362 arrarum
944 326 987 362 ur-

143 391 223 444 bium
240 389 382 460 praesidia
398 390 578 457 quaerebant.
617 391 659 444 74.
679 391 782 443 Danda
800 391 885 443 etiam
904 406 989 459 opera

144 478 186 525 cst
198 488 242 539 ne,
251 471 328 540 quod
341 471 419 540 apud
431 471 549 524 maiores
560 476 671 524 nostroe
683 487 765 540 saepe
776 472 861 525 fiebat
873 477 989 541 propter

144 553 244 607 aerarii
253 552 419 606 tenuitatem
431 552 687 620 adsiduitatemque
697 553 842 622 bellorum,
850 553 989 606 tributum

144 635 181 688 eit
193 633 403 700 conferendum,
411 632 499 702 idque
511 649 547 684 ne
559 632 670 685 eveniat
681 636 771 686 multo
784 639 848 685 ante
861 632 913 685 erit
925 649 989 702 pro-

144 715 310 768 videndum.
347 713 398 768 Sin
413 729 485 780 quae
502 712 653 765 necessitas
669 713 753 765 huius
766 712 889 765 muneris
904 711 989 764 alicui

145 795 186 847 rei
200 794 331 864 publicae
345 793 603 847 obvenerit-malo
621 791 696 845 euim
714 792 764 846 alii
778 809 863 860 quam
877 797 989 844 nostrae

145 875 272 942 mnirari,
285 890 375 942 neque
389 878 483 926 tamen
498 873 534 926 de
549 877 653 940 nostra,
667 874 718 928 sed
732 874 769 926 de
784 873 861 926 omni
875 890 905 926 re
918 875 989 942 pub-

145 957 201 1009 lica
220 954 467 1024 disputo-danda
485 953 539 1006 erit
553 969 637 1023 opera
655 958 687 1006 ut
702 971 798 1008 omncs
813 954 988 1023 intellegant,

146 1037 171 1088 si
183 1034 255 1089 salvi
269 1050 328 1088 esse
340 1034 436 1102 velint,
448 1033 608 1088 necessitati
622 1051 682 1088 esse
694 1037 857 1104 parendum.
894 1035 989 1104 Atque

145 1115 232 1169 ctiam
250 1131 353 1182 omnes,
368 1113 417 1182 qui
435 1129 492 1166 reru
510 1113 654 1182 publicam
672 1115 877 1183 gubernabunt,
891 1131 989 1168 cousu-

145 1198 202 1249 lere
216 1195 366 1261 debebunt,
377 1199 409 1246 ut
421 1209 516 1247 earum
529 1211 619 1247 rerum
632 1195 714 1264 copia
726 1195 770 1264 sit,
781 1212 852 1264 quae
866 1201 931 1248 sunt
942 1212 989 1248 ne-

145 1275 288 1330 cessariae.
325 1275 449 1342 Quarum
468 1273 559 1342 qualis
580 1275 753 1343 comparatio
772 1275 832 1328 fieri
853 1277 941 1328 soleat
961 1281 990 1328 ct

146 1358 250 1411 debeat
261 1372 319 1408 non
333 1360 376 1408 est
389 1351 499 1408 neeesse
511 1354 672 1424 disputare:
691 1360 733 1407 eet
747 1354 822 1408 enim
835 1355 866 1406 in
877 1371 990 1424 promp-

144 1444 193 1492 tu:
209 1440 321 1490 tanturn
335 1435 414 1487 locus
429 1435 613 1504 attingendus
626 1434 689 1489 fnit.
727 1436 769 1489 75.
789 1435 882 1504 Caput
896 1438 990 1487 autem

145 1524 189 1571 est
206 1517 238 1570 in
256 1515 334 1570 omni
347 1515 543 1586 procuratione
561 1515 670 1585 negotii
688 1519 717 1569 et
731 1515 854 1569 muneris
871 1515 989 1585 publici,

145 1605 178 1652 ut
198 1596 331 1652 avaritiae
350 1597 473 1666 pellatur
493 1596 579 1650 etiam
598 1595 715 1650 minima
736 1595 866 1666 suspicio,
903 1596 989 1650 “Uti-

146 1681 237 1732 narn”
252 1677 347 1746 inquit
362 1678 392 1732 O.
402 1676 519 1730 Pontius
535 1677 645 1730 Samnis
660 1678 676 1706 “
685 1678 722 1730 ad
736 1677 787 1730 illa
801 1682 928 1746 tempora
944 1693 989 1730 me

146 1759 260 1813 fortuna
274 1757 469 1811 reservavisset
482 1761 511 1810 et
523 1761 585 1810 tum
599 1773 686 1810 essem
701 1762 791 1823 natus,
806 1758 920 1825 quando
935 1760 990 1811 Ro-

146 1840 225 1893 mani
245 1839 320 1892 dona
340 1837 467 1907 accipere
488 1837 661 1906 coepissent!
698 1839 764 1892 Non
785 1855 872 1892 essem
893 1855 991 1908 passus

148 1920 258 1973 diutius
271 1935 319 1972 eos
332 1918 495 1987 imperare.”
532 1919 576 1971 Ne
590 1918 633 1971 illi
648 1919 737 1972 multa
752 1921 861 1972 saecula
879 1935 990 1990 exspec-

148 2001 237 2054 tanda
250 1999 370 2052 fuerunt.
407 1999 495 2052 Modo
514 1999 589 2051 eninr
605 2000 659 2051 hoc
673 1989 778 2052 malum
796 2000 827 2052 in
841 2000 914 2053 hanc
933 2016 991 2052 rem

148 2081 293 2150 publicam
318 2078 430 2132 invasit.
468 2079 568 2146 ltaque
589 2078 671 2132 facile
695 2079 788 2149 patior
811 2083 873 2132 turn
897 2079 992 2148 potius

148 2159 284 2214 Pontium
298 2159 391 2226 fuisse,
404 2158 428 2210 si
443 2159 558 2226 quidem
572 2159 603 2211 in
617 2159 667 2211 illo
682 2163 793 2211 tantum
806 2157 861 2210 fuit
875 2158 990 2211 roboris.

148 2240 285 2295 Nondum
300 2243 411 2292 centum
423 2243 452 2291 et
465 2241 562 2292 decem
578 2239 643 2291 anni
656 2243 728 2306 sunt,
740 2254 805 2291 cum
817 2239 853 2290 de
865 2237 992 2307 pecuniis

149 2319 313 2392 repetundis
324 2336 342 2372 a
354 2321 384 2373 L.
394 2319 495 2372 Pisone
508 2321 565 2372 lata
577 2320 623 2371 lex
636 2324 685 2387 est,
694 2320 772 2371 nulla
783 2323 865 2372 antea
878 2333 942 2370 curu
951 2317 992 2371 iu-

149 2403 225 2456 isset
261 2401 301 2452 At
315 2415 382 2452 veru
397 2407 494 2468 postea
512 2405 556 2451 tot
570 2401 646 2470 leges
663 2405 692 2452 et
706 2398 850 2469 proximae
865 2413 992 2466 quaeque

150 2483 285 2548 duriores,
294 2485 338 2534 tot
352 2479 401 2548 rei,
411 2484 455 2532 tot
469 2480 603 2548 damnati,
616 2485 726 2534 tantum
741 2469 873 2532 Italicum
888 2479 992 2531 bellurn

150 2571 267 2633 propter
284 2560 454 2614 iudiciorum
473 2564 579 2612 metum
599 2560 761 2628 excitatum,
776 2564 855 2613 tanta
876 2559 993 2612 sublatis

151 2644 264 2713 legibus¹
280 2646 308 2694 et
321 2639 436 2694 iudiciis
454 2639 589 2710 expilatio
604 2641 782 2710 direptioque
801 2641 947 2709 sociorum,
961 2651 993 2693 ut

150 2721 346 2778 imbecillitate
370 2720 497 2787 aliorum,
516 2736 574 2772 non
598 2727 694 2774 nostra
716 2723 821 2776 virtute
842 2723 991 2775 valeamus.

151 2804 243 2857 XXII.
281 2803 323 2855 ¹76.
341 2801 453 2868 Laudat
466 2798 629 2852 Africanum
646 2802 803 2870 Panaetius,
817 2802 895 2870 quod
909 2800 993 2854 fuerit

151 2883 301 2937 abstinens.
339 2879 446 2948 Quidni
464 2880 579 2934 laudetl
617 2882 672 2934 Sed
690 2882 720 2934 in
735 2874 788 2935 'illo
807 2883 862 2935 alia
879 2881 992 2934 maiora.

151 2964 225 3016 Laus
243 2960 428 3015 abstinentiae
446 2975 503 3011 non
522 2960 644 3012 hominis
664 2968 706 3014 est
724 2964 822 3027 solum,
840 2963 890 3014 sed
908 2959 993 3012 etiam

150 3049 310 3111 temporum
321 3041 441 3094 illorum.
479 3040 564 3091 Omni
573 3041 759 3095 Macedonum
771 3045 849 3110 gaza,
857 3055 928 3106 quae
938 3037 993 3089 fuit

150 3123 283 3188 siraninus,
293 3122 401 3190 potitus
413 3123 455 3172 est
464 3120 585 3187 Paullus,
595 3125 705 3174 tantum
719 3121 749 3172 in
762 3119 897 3172 aerarium
909 3134 992 3188 pecu-
