2256 3448
172 136 224 192 Ι142
488 127 708 180 DEOFFIOIIS
730 167 733 174 .

174 217 268 287 inquit
278 218 293 248 “
302 217 376 269 malo
386 215 478 270 virum
492 215 540 282 qui
552 213 671 284 pecunia
683 215 765 282 egeat
775 211 1022 280 quam'pecuniam
1116 219 1117 236 ¹

175 315 247 366 quae
268 297 355 350 vir0.”
394 295 449 348 Sed
471 294 603 364 corrupti·
617 309 707 346 mores
730 292 934 362 depravatique
956 297 1022 345 sunt

175 377 360 431 admiratione
376 375 556 429 divitiarum:
576 391 693 443 quarum
712 373 882 442 magnitudo
898 373 969 441 quid
984 375 1021 426 ad

129 471 133 478 ·
174 454 415 525 unumquemque
429 454 706 525 nostrumpertinetl
743 455 828 506 Illum
840 453 958 507 fortasse
973 455 1021 507 ad-

174 539 428 608 iurat,quilrabet.
465 539 508 590 Nc
524 537 555 590 id
569 537 684 604 quidem
697 552 812 604 semper.
851 536 907 590 Sed
919 535 965 589 fac
979 537 1021 588 iu-

174 636 253 674 vare:
279 620 404 674 utentior
425 636 491 672 sane
503 618 560 684 rsit,
580 618 724 671 honestior
744 634 821 672 vero.
835 633 891 686 quo
915 618 1021 672 model

174 701 259 768 Quod
277 700 302 753 si
320 701 405 754 etiam
424 701 514 754 bonus
533 699 587 752 erit
605 699 656 768 vir,
671 716 707 752 nc
726 698 883 768 impediant
901 698 1021 753 divitiae
1116 701 1117 750 ἶ

127 791 130 796 “
174 797 232 850 quo
252 781 344 834 minus
363 781 482 848 iuvetur,
499 780 585 832 modo
606 796 642 832 ne
664 779 807 845 adiuvent,
823 779 915 847 sitque
937 795 1020 832 omne
1116 819 1117 844 ,

174 862 313 915 iudicium
330 878 389 914 non
407 862 643 930 quarnlocuplea,
656 861 708 914 sed
723 859 814 928 qualis
829 861 947 928 quisque
966 861 1020 914 sitl

174 946 339 1018 Extremum
360 946 454 994 autem
471 945 653 1010 praeceptum
670 941 701 994 in
720 941 861 994 beneficiis
879 957 1021 1010 operaque
1116 949 1117 998 i

175 1021 329 1087 dardane
344 1021 413 1090 quid
429 1026 527 1074 contra
538 1021 712 1089 'aequitatem
727 1023 889 1090 contendas,
898 1037 934 1074 ne
949 1022 1021 1090 quid

174 1119 225 1172 pro
242 1101 352 1156 iniuria.
389 1101 615 1156 Fundamentum
631 1102 706 1154 enim
721 1107 763 1155 est
777 1106 928 1172 perpetuae
946 1119 1022 1154 com-

175 1182 364 1236 mendationis
387 1187 416 1235 ct
434 1183 525 1238 famae
545 1182 661 1250 iustitia,
681 1183 740 1236 sine
760 1179 816 1251 qua
835 1182 908 1235 nihil
925 1187 1022 1252 potest
1116 1189 1117 1252 l

175 1280 234 1316 esse
247 1263 399 1317 laudabile.
1011 1273 1014 1278 '
1116 1255 1117 1324 Ῐ

210 1345 304 1398 XXI..
325 1346 367 1398 72.
387 1343 594 1413 sedquoniam
608 1343 644 1397 dc
659 1347 693 1397 eo
707 1359 809 1414 genere
821 1343 1021 1397 beneficiorum
1116 1407 1117 1410 Ἴ

152 1454 155 1459 -
174 1426 284 1478 dictum
297 1430 346 1493 est,
358 1441 430 1493 quac
443 1427 480 1478 ad
493 1425 620 1494 singulos
634 1429 769 1494 spectant,
780 1423 913 1493 deinceps
926 1425 1020 1494 de-iis,

176 1523 246 1574 quae
260 1507 298 1560 ad
307 1505 451 1559 universos
461 1522 587 1574 quaeque
601 1506 637 1558 ad
650 1522 708 1558 rem
717 1505 861 1574 publicam
868 1506 1020 1575 pertinent,

175 1588 380 1656 disputandum
393 1593 441 1642 eat.
478 1588 691 1640 Eorum'autem
706 1587 831 1656 ipsorum
843 1587 945 1656 partim
956 1589 1022 1641 'eius
1116 1579 1117 1588 ¹

175 1668 254 1720 modi
272 1673 345 1736 aunt,
361 1673 393 1721 ut
411 1669 448 1721 ad
468 1667 611 1720 universos
631 1667 707 1720 cives
724 1667 893 1736 pertineant,
905 1669 1020 1737 partim,
1116 1731 1117 1736 Ἰ

175 1747 302 1816 singulos
315 1756 347 1800 ut
356 1748 507 1816 attingant,
517 1764 587 1815 quae
600 1751 665 1800 sunt
678 1747 763 1800 etiam
775 1748 913 1816 gratiora.-
944 1750 1021 1802 Dan-

176 1827 214 1878 da
227 1843 313 1895 opcra
328 1833 371 1879 est
383 1828 505 1893 omnino,
516 1828 540 1880 si
554 1827 652 1896 possit,
663 1827 796 1894 utrisque,
808 1835 860 1880 'nec
874 1829 976 1903 minua,
989 1834 1022 1882 ut

176 1905 267 1958 ctiam
276 1905 396 1975 singulis
411 1908 579 1974 consulatur,
593 1907 643 1959 sed
658 1907 707 1971 ita,
718 1913 751 1960 ut
765 1924 797 1960 ea
812 1913 858 1960 rcs‘
870 1901 919 1960 aut
931 1911 1022 1978 prosit
1116 1899 1117 1902 ¹

175 1991 226 2038 aut
238 1990 312 2038 certe
328 2003 363 2038 nc
378 1987 453 2038 obsit
467 1987 657 2056 reipublicae.
695 1989 724 2040 Ο.
737 1987 856 2040 Gracchi
870 1987 1022 2042 frumenta-

176 2065 218 2119 ria
229 2082 333 2135 magna
345 2065 472 2135 largitio:
492 2067 676 2120 exhauriebat
689 2066 777 2134 igitur
791 2067 926 2120 aerarium
938 2088 943 2122 :
964 2086 1022 2121 mo
1116 2075 1117 2132 ζ

176 2147 240 2200 dica
255 2149 292 2202 M.
304 2147 416 2201 Octavii
431 2152 460 2200 et
473 2147 514 2200 rei
527 2147 659 2216 publicae
673 2147 827 2200 tolerabilis
842 2153 870 2200 et
882 2149 960 2217 plebi
976 2167 1022 2202 ne·
1116 2149 1117 2204 ζ

175 2229 308 2282 cessaria:
328 2226 395 2297 ergo
410 2232 439 2280 et
454 2227 563 2280 civibus
578 2232 606 2280 et
621 2227 661 2280 rei
675 2228 805 2296 publicae
820 2229 957 2284 salutaria
978 2233 1021 2284 73.

176 2309 210 2361 In
225 2309 328 2378 primia
341 2315 433 2362 autern
449 2308 605 2363 videndum
623 2309 676 2361 crit
693 2309 727 2376 ei,
741 2309 790 2376 qui
805 2310 1023 2378 rempublicam
1116 2329 1117 2352 r

176 2389 436 2458 administrabit,·ut
450 2386 531 2441 suum
543 2389 663 2457 quisque
677 2394 772 2442 teneat
786 2405 877 2458 neque
891 2389 1024 2444 debonis

176 2469 350 2536 privatorum
368 2469 483 2540 publice
501 2469 657 2521 deminutio
672 2469 729 2523 fiat.
766 2469 926 2523 Perniciose
945 2471 1023 2524 enim

176 2550 327 2619 Philippus
348 2552 379 2602 in
399 2551 553 2614 tribunatu,
573 2565 637 2602 curn
658 2551 749 2619 legem
769 2550 907 2620 agrariam
928 2550 1023 2618 ferret,

177 2645 262 2696 quam
276 2638 370 2684 tamen
385 2629 526 2699 antiquari
540 2629 624 2682 facile
638 2647 735 2700 passus
750 2637 792 2684 est
807 2631 878 2683 etin
894 2647 928 2683 eo
940 2633 1023 2685 vehe-

176 2713 284 2761 menter
303 2726 332 2762 ae
352 2712 529 2764 moderatum
548 2711 685 2779 praebuit,
706 2711 755 2764 sed
774 2727 838 2763 cum
859 2711 891 2763 in
910 2713 1024 2780 agendo

176 2790 265 2840 multa
279 2791 453 2859 populariter
467 2795 529 2843 tum
546 2790 620 2844 illud
634 2793 714 2859 male,
729 2795 810 2844 “non
829 2807 888 2846 esse
905 2792 937 2844 in
955 2793 1024 2846 civi-

177 2873 235 2922 tate
250 2869 307 2921 duo
322 2868 561 2923 milia'hominurn
577 2870 626 2938 qui
639 2887 698 2924 rem
710 2871 872 2926 haberent.’'
910 2873 1025 2942 Capita·

177 2951 212 3003 lis
227 2949 316 3002 oratio
332 2954 382 3015 est,
393 2949 430 3022 ad
443 2950 639 3016 aequationem
655 2952 791 3004 bonorum
803 2951 955 3020 pertinens,
966 2969 1025 3021 qua

177 3033 256 3097 peste
269 3043 341 3096 quae
352 3032 446 3096 potest
459 3045 516 3080 esse
529 3029 636 3083 maiori
674 3032 754 3083 Hauc
770 3025 849 3084 enim
858 3033 896 3084 ob
909 3049 1025 3086 causam

179 3107 307 3174 maxime,
322 3111 355 3158 ut
375 3122 425 3159 sua
444 3111 612 3175 tenerentur,
627 3125 670 3162 res
689 3110 818 3178 publicae
839 3112 1025 3182 civitatesque
