2256 3448
305 133 667 195 LIB‚11.‚0AP.11[.-.‚v
684 132 762 192 §11-
763 134 802 182 16.
927 129 976 182 121

135 219 164 272 lo
188 219 289 294 modo·
301 218 359 270 sine
384 217 530 270 hominum
554 233 639 270 manu
663 220 748 284 atque
773 233 857 286 opera
881 235 979 289 capere

135 299 267 367 potuisse.
306 299 360 364 Qui
385 298 506 390 denique
530 314 565 350 ex
587 297 685 350 bestiis
708 297 780 350 fruet
769 302 814 351 tus
838 304 886 352 aut
908 317 980 368 quae

134 379 330 446 commoditas,
343 379 397 432 nisi
414 379 541 432 homines
558 379 730 444 adiuvarent,
744 381 851 450 percipi
865 385 979 451 possetl

136 460 211 513 Nam
236 464 264 512 et
288 459 338 527 qui
358 459 499 529 principes
522 459 687 522 inveniendi
707 459 819 512 fuerunt
841 477 923 530 quem
945 479 980 514 ex

137 556 248 609 quaque
267 541 351 593 belua
369 556 451 593 usum
470 541 573 592 habere
594 555 737 609 possemus
757 540 885 596 hemines
906 549 980 596 certe

136 621 250 684 fuerunt
270 637 323 674 nec
346 622 401 674 hoc
421 625 546 691 tempore
569 621 629 674 sine
652 621 799 674 hominum
823 639 908 692 opera
932 630 981 677 aut

98 767 100 772 Ι
133 717 250 771 ‚pascere
263 717 309 754 eas
321 705 369 754 aut
382 703 495 754 domare
509 705 558 754 aut
569 701 643 754 tueri
655 706 704 754 aut
716 703 898 772 tempestivos
909 705 980 756 fruo-

137 787 183 835 tus
198 799 233 834 ex
247 781 283 850 iis¹
297 798 395 850 capere
407 798 558 850 possemne,
572 782 608 834 ab
621 781 782 850 eisdemque
797 787 825 836 et
840 800 895 852 eae,
909 801 981 852 quae

137 867 248 930 nocent,
261 861 464 915 interficiuntur
482 867 512 915 et
528 879 599 932 quae
617 863 682 916 usui
696 869 813 932 possunt
830 881 887 918 esse
906 866 980 936 cepi-

137 950 231 997 untur.
264 944 305 996 15.
322 941 398 1008 Quid
411 959 567 996 enumerem
580 943 681 996 artium
694 944 911 1014 multitudinem,
923 946 982 998 sinc

43 1034 50 1046 ·
135 1023 242 1092 ‚quibus
256 1023 315 1076 vita
331 1025 445 1076 omnino
459 1025 537 1076 nulla
552 1041 610 1077 esse
624 1025 779 1094 potuissetl
801 1049 804 1054 ·
816 1027 893 1093 Quid
907 1027 982 1081 enim

138 1103 230 1172 aegris
244 1103 413 1170 subveniret,
425 1120 495 1171 quae
511 1108 583 1157 esset
598 1105 749 1168 oblectatio
761 1107 921 1176 valentium,
933 1109 982 1176 qui

137 1185 230 1237 victus
251 1189 300 1236 aut
319 1185 418 1252 cultus,
434 1184 488 1236 nisi
506 1189 565 1238 tam
582 1184 687 1238 multae
709 1187 791 1239 nobis
813 1193 884 1241 artes
902 1189 982 1242 mini-

139 1267 276 1319 strarentl
293 1264 396 1332 quibus
413 1265 496 1317 rebus
514 1267 624 1318 exculta
639 1265 783 1320 hominum
798 1267 859 1320 vita
872 1273 983 1320 tantum

139 1343 250 1398 destitit
267 1345 375 1398 avictu
394 1349 422 1397 et
440 1346 517 1397 cultu
536 1344 694 1398 bestiarum.
732 1346 822 1398 Urbes
839 1363 905 1400 vero
924 1348 983 1400 sine

139 1425 285 1479 hominurn
300 1429 382 1478 coetu
397 1442 455 1478 non
469 1424 627 1494 potuissent
641 1439 693 1476 nec
712 1425 851 1478 aedificari
866 1443 917 1480 nee
931 1427 983 1480 frc-

140 1505 278 1576 quentari,
292 1522 327 1558 ex
342 1521 399 1573 quo
416 1507 493 1574 leges
511 1520 657 1572 moresque
675 1509 764 1558 constr
755 1505 828 1574 tiuti,
841 1507 924 1560 ιιιιιι’
917 1508 984 1560 ruris

140 1674 168 1722 et
183 1667 367 1720 mansuetudo
383 1665 537 1718 animorum
552 1672 683 1718 consecut
684 1682 700 1717 a
672 1670 743 1718 tet
759 1669 927 1722 verecundia
942 1673 985 1721 est

140 1742 325 1816 effectumque
341 1751 374 1798 ut
391 1750 462 1798 esset
477 1745 537 1799 vita
550 1745 685 1798 munitior
700 1750 784 1815 atque
799 1752 831 1800 ut
846 1749 948 1801 dando
957 1753 985 1801 et

140 1829 306 1898 accipiendo
325 1825 543 1895 mutuandisque
561 1825 742 1880 facultatibus
760 1831 788 1880 et
807 1832 985 1884 commodan-

140 1910 186 1963 dis
198 1911 275 1962 nulla
287 1924 316 1960 re
329 1922 479 1977 egeremus

175 1991 210 2044 V.
248 1991 289 2043 16.
308 1986 463 2056 Longiores
474 1986 600 2038 hocloco
613 2003 707 2040 sumus
719 2005 802 2055 quem
812 2006 921 2042 necesse
935 1993 983 2062 est.

140 2070 210 2137 Quis
228 2074 269 2123 est
284 2069 358 2122 enim
374 2066 420 2120 cui
436 2083 494 2118 non
508 2065 654 2135 perspicua
673 2067 729 2119 sint
743 2067 800 2135 ille,
814 2085 884 2135 quae
899 2069 985 2138 pluri-

140 2151 193 2203 bus
210 2149 303 2204 verbis
321 2167 337 2202 a
355 2147 490 2202 Panaetio
509 2151 766 2215 commemorantur,
781 2149 921 2202 neminem
938 2166 985 2201 ne·

140 2248 195 2300 que
214 2233 315 2284 ducem
333 2225 408 2284 bello
427 2244 478 2282 nec
496 2226 658 2297 principem¹
671 2227 748 2278 domi
763 2243 879 2296 magnas
896 2245 939 2282 res
957 2234 985 2282 ct

140 2314 274 2366 salutares
287 2311 346 2364 sine
359 2310 504 2363 hominum
517 2307 619 2360 studiis
631 2323 725 2376 gerere
734 2307 874 2376 potuisse?
906 2311 985 2362 (lorn-

140 2396 310 2446 memoratur
324 2393 359 2444 ab
375 2408 407 2445 eo
416 2390 630 2456 Themistocles,
644 2388 770 2456 Pericles,
781 2392 875 2458 Cyrus,
888 2389 985 2458 Agesi-

141 2473 210 2540 laus,
223 2473 391 2541 Alexander,
405 2489 475 2540 quos
487 2475 573 2542 negat
586 2471 645 2524 sine
660 2468 828 2522 adiumentis
840 2470 985 2523 hominum

141 2557 234 2606 tantas
252 2569 295 2606 res
315 2552 421 2606 efficere
439 2553 570 2622 potuisse.
608 2550 705 2604 Utitur
723 2549 754 2602 in
773 2566 802 2602 re
821 2548 879 2604 non
899 2552 985 2605 dubia

141 2633 260 2688 testibus
278 2649 335 2685 non
353 2633 521 2702 necessariis.
557 2633 651 2701 Atque
670 2635 832 2700 utmagnus
849 2632 985 2686 utilitates

142 2713 325 2783 adipiscimur
345 2712 551 2781 conspiratione
570 2713 717 2765 hominum
737 2717 821 2780 utque
841 2727 984 2779 consensu,

143 2793 183 2846 sie
198 2795 276 2846 nulla
290 2797 349 2846 tarn
365 2792 539 2846 detestabilis
554 2793 640 2862 pestis
659 2797 700 2846 cst
715 2809 786 2861 quae
804 2809 862 2845 non
876 2793 986 2846 homini

143 2875 180 2926 ab
192 2873 306 2926 homine
318 2877 455 2926 nascatur.
492 2873 542 2948 Est
555 2873 721 2926 Dicaearchi
733 2874 805 2927 liber
820 2875 856 2927 de
869 2873 986 2926 interitu

142 2953 298 3021 hominum,
311 2953 460 3022 Peripatet
453 2952 491 3006 rei
505 2953 601 3022 magni
616 2957 644 3006 et
663 2953 777 3023 copiosi,
792 2954 841 3022 qui
859 2953 986 3008 collectis

143 3035 243 3088 ceteris
265 3033 355 3086 causis
378 3033 522 3102 eluvionis,
541 3033 725 3102 pestilentiae,
741 3035 826 3086 vestit
828 3033 889 3100 atis,
845 3033 986 3086 t-belu

143 3130 223 3169 arum
243 3113 328 3166 etiam
348 3113 508 3184 repentinae
527 3114 623 3168 multit
611 3114 724 3182 tudinis,
741 3129 856 3183 quarum
876 3113 984 3183 impetu
