2256 3448
145 104 193 152 108
458 103 507 152 DE
524 101 677 153 OFFIGIIS

143 185 320 254 frequentari.
359 186 494 238 Odiosum
514 191 556 238 cst
575 186 657 254 enirn,
671 203 736 239 cum
755 203 771 240 a
789 187 989 258 praetereunti-

144 266 195 318 bus
208 266 326 319 dicitur:

327 402 343 434 o
354 391 445 436 domus
455 390 566 450 antiqua,
577 392 627 437 heu
638 397 713 449 quarn
724 391 819 450 dispari

228 457 365 502 Dominare
376 458 479 504 domino
489 458 494 504 l

141 582 220 650 quod
238 582 354 651 quidem
373 583 417 637 liis
438 584 611 654 temporibus
629 585 660 638 in
682 585 778 638 multis
799 585 866 640 licet
885 586 985 642 dicere.

143 663 201 717 140.
219 666 382 718 Cavendum
398 670 491 717 autem
503 671 552 733 est,
562 665 725 734 praesertim
738 665 761 718 si
773 665 834 735 ipse
846 667 985 736 aedifices

140 761 175 797 ne
186 751 264 799 extra
273 747 389 798 modum
399 750 511 814 sumptu
521 751 549 797 et
559 745 769 814 magnificentia
778 746 911 816 prodeas:
928 764 986 814 quo

140 823 170 876 in
182 842 283 894 genere
297 826 418 878 multum
431 824 499 878 mali
514 825 599 877 etiam
613 825 644 878 in
659 828 787 895 exemplo
802 831 852 879 est.
890 827 987 880 Studi-

141 920 187 956 ose
209 906 283 958 enim
303 905 429 975 plerique
450 905 613 974 praesertim
633 906 663 958 in
685 907 760 965 hanc
781 911 890 980 partem
909 906 986 961 facta

140 984 300 1053 principum
316 984 470 1054 imitantur,
483 990 515 1038 ut
529 986 560 1039 L.
571 986 690 1054 Luculli,
704 986 806 1040 summi
821 987 884 1054 viri,
897 987 986 1041 virtu-

140 1071 197 1116 tem
207 1065 286 1132 quisi
301 1070 331 1118 at
344 1082 427 1134 quam
439 1066 522 1119 multi
531 1066 661 1121 villarum
674 1067 912 1136 magnificentiam
923 1068 987 1120 irni-

139 1144 192 1196 tati
205 1147 283 1199 sunt!
299 1161 417 1214 quarum
427 1147 542 1214 quidem
552 1153 626 1202 certe
638 1152 681 1200 est
690 1147 871 1203 adhibendus
882 1149 986 1203 modus

139 1227 176 1277 ad
187 1226 467 1296 mediocritatemque
481 1229 662 1282 revocandus.
698 1228 863 1299 Eademque
878 1230 986 1282 medio·

139 1307 222 1361 critas
240 1309 277 1361 ad
294 1324 405 1360 omnam
423 1313 504 1360 usum
522 1309 686 1376 cultumque
700 1309 776 1362 vitae
786 1309 986 1367 transferenda

139 1392 187 1440 est.
226 1389 281 1442 Sed
294 1389 362 1442 haec
374 1389 514 1442 hactenus.
554 1389 613 1442 141.
629 1391 663 1442 In
676 1390 753 1442 omni
766 1395 860 1443 autom
873 1391 985 1444 actione

138 1469 316 1538 suscipienda
333 1468 387 1520 tria
406 1474 471 1521 sunt
485 1469 622 1522 tenenda:
647 1469 771 1538 primum
788 1474 821 1522 ut
839 1471 985 1539 appetitus

137 1548 240 1601 rationi
261 1555 365 1619 pareat,
385 1565 441 1617 quo
462 1548 535 1601 nihil
556 1553 598 1600 est
619 1550 657 1601 ad
678 1549 770 1604 officia
791 1553 984 1604 conservanda

138 1630 384 1695 accommodatius,
396 1629 498 1685 deinde
513 1633 545 1681 ut
560 1628 800 1684 animadvertatur
811 1635 918 1698 quanta
931 1631 984 1684 illa

137 1723 180 1759 ros
192 1710 235 1777 sit,
245 1727 329 1778 quam
338 1710 444 1764 efficere
454 1709 580 1776 velimus,
589 1714 620 1765 ut
630 1725 699 1766 ncvc
712 1710 801 1764 maior
811 1721 880 1764 n'ave
891 1712 984 1766 minor

138 1803 203 1840 cura
222 1797 250 1841 et
265 1807 348 1858 opera
366 1791 533 1859 suscipiatur
548 1805 632 1858 quam
642 1806 734 1843 ¹causa
747 1793 880 1859 postulet.
916 1793 983 1844 Ter-

137 1865 208 1918 tium
227 1872 268 1920 est
286 1873 318 1920 ut
336 1884 482 1922 caveamus
501 1875 533 1922 ut
552 1886 591 1937 ea,
608 1885 678 1938 quac
696 1870 839 1938 pertinent
857 1873 896 1924 ad
913 1871 982 1924 libe-

136 1947 222 2000 ralem
237 1947 358 2017 speciem
377 1953 405 2000 ct
424 1950 601 2019 dignitatem,
614 1951 759 2004 moderata
777 1951 840 2006 sint.
877 1952 981 2004 Modus

137 2032 236 2082 autcmj
250 2033 292 2081 est
310 2028 434 2099 optimus
452 2031 538 2082 docus
557 2031 649 2098 ipsum
667 2035 768 2097 tenere,
785 2031 820 2082 de
840 2047 899 2098 quo¹
916 2037 981 2086 ante

137 2106 268 2178 diximus,
281 2126 332 2163 nec
349 2110 483 2180 progredi
499 2110 620 2179 longius.
658 2111 766 2162 Horum
783 2114 878 2163 tamen
894 2112 981 2165 trium

136 2191 404 2259 praestantissimum
417 2197 458 2244 est
470 2191 627 2260 appetitum
640 2191 830 2259 obtemperare
843 2191 952 2252 rationi.

171 2273 228 2328 XL.
261 2273 327 2328 da·
344 2271 484 2340 Deinceps
501 2272 536 2324 dc
552 2271 650 2324 ordine
666 2287 756 2326 rerum
772 2277 800 2326 et
815 2272 980 2342 opportuni-

136 2356 192 2405 tntc
211 2361 368 2424 temporum
387 2353 540 2406 dicendum
560 2357 609 2406 est.
647 2353 725 2409 Haec
747 2357 840 2408 autem
862 2353 980 2407 scient-ia

136 2435 312 2489 continentur
333 2451 474 2503 eaqueus
493 2434 596 2490 ,Graeci
614 2438 735 2493 εὐταξίαν.
750 2434 905 2502 nominant,
921 2449 979 2486 non

136 2513 216 2578 hanc,
227 2531 311 2580 quam
326 2515 541 2584 interpretamur
552 2519 566 2543 “
576 2513 766 2581 modestiam,'’
777 2530 833 2582 quo
849 2514 878 2566 in
894 2516 978 2568 verbo

136 2595 151 2620 “
160 2593 260 2644 modus
268 2595 283 2620 ‘’
295 2594 374 2660 inest,
385 2597 434 2647 sed
449 2597 499 2649 illa
514 2601 556 2649 est
570 2601 678 2663 εὐταξία,
688 2595 718 2649 in
734 2611 789 2662 qua
804 2594 978 2664 intellegitur

135 2670 241 2723 ordinis
260 2674 441 2728 conservatio.
478 2676 586 2742 Itaque,
599 2682 632 2728 ut
650 2675 776 2728 eamdem
794 2691 845 2727 nos
858 2677 977 2728 “modo-

135 2751 237 2804 stiam”
250 2753 430 2822 appellemus,
441 2754 481 2807 sic
496 2756 627 2810 definitur
642 2773 658 2808 a
674 2755 782 2822 Stoicis,
793 2760 825 2808 ut
839 2755 977 2808 modestia

134 2833 171 2885 sit
188 2831 305 2885 scientia
322 2848 414 2885 rerum
432 2851 618 2904 eorumquae
638 2842 757 2904 agentur
774 2843 823 2888 aut
840 2835 974 2900 dicentur,

134 2915 197 2966 loco
212 2930 262 2967 suo
278 2912 513 2969 collocandorum.
551 2917 596 2968 Ita
608 2915 720 2970 videtur
735 2916 833 2970 eadem
846 2917 889 2969 vis
903 2915 975 2968 ordi-

134 2995 178 3047 nis
193 2999 222 3047 et
237 2993 431 3047 collocationis
445 2995 516 3048 fora
549 2997 622 3048 Nam
637 3003 665 3048 et
680 2996 808 3049 ordinem
825 2995 865 3048 sic
880 2995 975 3048 delini-

134 3078 193 3138 unt,
202 3071 432 3142 compositionem
442 3087 532 3125 rerum
544 3074 617 3142 aptis
626 3079 654 3126 et
664 3074 882 3128 accommodatis
892 3075 974 3127 locis:

1114 2889 1116 3014 l
