2272 3442
147 121 179 170 44
375 115 413 163 M.
432 112 560 162 TULLII
577 111 765 159 CICERONIS

146 200 212 268 dixi,
234 199 258 252 si
278 214 333 267 qua
354 193 516 264 significatio
536 193 647 246 virtutis
670 193 776 246 eluceat
799 192 836 246 ad
859 210 942 262 quam
966 211 997 252 sc

146 275 241 328 similis
255 275 360 328 animus
374 271 493 339 applicet
509 272 538 322 et
552 268 691 336 adjungat,
708 268 738 322 id
755 285 839 336 quum
853 271 995 339 contingit,

147 368 222 404 amor
234 349 374 403 exoriatur
385 362 496 400 necesse
509 348 559 398 est.
594 350 635 397 49.
654 344 727 408 Quid
739 346 811 396 cuim
827 349 884 398 tarn
901 346 995 400 absur-

147 425 211 478 dum
230 441 312 492 quam
330 421 463 476 delectari
478 421 573 474 multis
588 420 716 474 inanibus
731 420 821 486 rebus,
838 425 870 474 ut
885 421 994 488 honore,

147 505 178 554 ut
200 501 294 568 gloria,
318 504 350 554 ut
374 498 504 565 aedificio,
529 502 561 552 ut
584 497 687 552 vestitu
711 497 840 565 cultuque
867 500 994 566 corperis,

47 638 50 647 ,
145 577 235 629 animo
249 581 343 630 autem
359 577 462 629 virtute
476 575 603 643 praedito
618 590 650 628 eo
665 574 712 642 qui
726 574 770 627 vel
783 590 881 640 amare,
897 575 947 642 vel,
962 579 994 628 ιιι

15 641 186 726 Μὶᾅιξλιιι
207 653 302 722 dicam,
323 653 466 706 redamare
487 651 581 720 missit,
602 667 656 704 non
675 650 822 704 admodum
844 651 994 706 delectari?

50 731 52 738 '
65 737 126 765 ΝΜ·
137 711 222 782 -cliliil
235 733 277 784 cst
290 729 363 782 enim
375 728 594 782 remuneratione
605 727 818 793 benevolentiae,
832 727 900 779 nihil
916 728 994 782 vicis-

146 805 268 859 situdine
281 805 434 857 studiorum
450 802 817 871 officiorumqusjueundius.
831 803 894 885 ἱιρθ.
914 803 991 868 Quod

146 881 167 932 si
178 881 246 935 illud
255 884 339 937 ctimn
352 881 487 946 addimus,
497 881 571 948 qued
582 884 658 934 recte
666 880 732 933 addi
742 884 842 948 potest,
852 881 919 933 nihil
932 897 993 934 esse

145 958 220 1024 quod
232 958 268 1010 ad
284 975 313 1010 se
325 974 385 1010 rem
397 957 479 1009 ullam
494 960 551 1009 tam
560 957 662 1010 alliciat
674 961 703 1009 et
711 960 768 1010 tam
776 957 899 1010 attrahat
911 974 992 1025 quam

146 1031 336 1085 ad'amicitism
349 1032 505 1098 similitudo,
512 1033 678 1086 concedetur
689 1034 811 1100 profecto
823 1050 918 1086 verum
931 1050 993 1088 csse

145 1112 176 1160 ut
184 1107 267 1160 bonos
277 1108 339 1161 boni
347 1107 463 1176 diligant
471 1109 679 1176 adsciscantque
689 1108 741 1161 sibi
749 1109 826 1177 quasi
835 1109 993 1178 propinqui-

145 1188 203 1236 tate
219 1183 378 1251 conjunctos
390 1189 473 1252 atque
486 1189 589 1238 natura
626 1185 702 1238 Nihil
719 1190 762 1238 cst
778 1186 849 1238 euim
862 1189 993 1253 appeten-

146 1260 200 1312 tius
213 1259 341 1313 similium
356 1261 406 1327 sui,
422 1261 490 1313 nihil
505 1261 638 1329 rapacius,
655 1278 736 1329 quam
752 1265 857 1314 natura.
894 1262 993 1326 Quam·
1012 1261 1022 1275 “

145 1335 239 1389 obrem
251 1336 302 1390 hoc
314 1337 433 1406 quidem,
445 1337 530 1390 Fanni
540 1341 570 1390 et
579 1337 715 1404 Scaevola,
725 1339 840 1404 constat,
851 1341 882 1390 ut
890 1337 991 1405 opinor,

144 1411 306 1485 boma-inter
318 1413 403 1467 bonos
415 1413 491 1481 quasi
507 1414 687 1467 necessariam
703 1413 928 1480 benevolentiam,
944 1414 992 1482 qui

144 1493 188 1542 est
207 1491 344 1544 amicitiae
367 1491 428 1544 sons
451 1508 467 1543 a
490 1495 589 1544 natura
612 1489 783 1543 constitutus.
819 1490 875 1543 Sed
894 1490 992 1546 eadem

144 1565 251 1692 bospitas
263 1567 346 1655 etjam
359 1566 395 1622 ad
407 1566 615 1650 multitudinem
624 1565 750 1652 pertinet.
776 1566 906 1693 Jonas?
920 1567 961 1620 en.

144 1657 171 1693 ιιι
193 1628 290 1694 illiciis
307 1643 394 1695 virtus
413 1659 502 1710 neque
520 1617 754 1709 iniidbmi'ieque
791 1625 900 1711 badii,
922 1583 992 1710 offe

144 1715 227 1768 etiam
244 1717 357 1784 populos
373 1718 513 1769 universos
529 1716 602 1769 tueri
620 1717 714 1785 cisque
732 1719 834 1786 optime
852 1719 992 1772 consulere

145 1791 248 1856 scleat3
267 1792 341 1859 quod
358 1809 411 1844 nen
429 1793 531 1845 faceret
548 1791 679 1859 proiecte,
701 1793 723 1844 si
745 1810 761 1845 a
781 1795 897 1847 caritate
917 1794 991 1862 vulgi

144 1865 309 1919 abhorreret.
345 1873 384 1919 51.
404 1869 499 1934 Atque
511 1868 594 1920 etiam
606 1867 671 1920 mihi
684 1869 796 1936 quidem
807 1869 934 1922 videntur
944 1870 991 1938 qui

143 1941 271 1995 utilitatis
286 1958 366 1995 causa
382 1943 487 2010 fingunt
501 1942 635 1996 amicitias
651 1943 873 1996 amabilissimum
889 1945 992 1998 nodum

143 2017 279 2071 amicitiae
302 2018 406 2072 tollere.
442 2019 504 2072 Non
528 2018 601 2070 enim
625 2022 681 2071 tam
705 2018 810 2071 utilitas
836 2024 916 2086 parta
940 2037 992 2088 per

142 2093 258 2146 amicum
271 2110 353 2162 quam
362 2094 441 2147 amici
451 2111 527 2147 amor
536 2095 594 2162 ipse
604 2094 739 2159 delectat;
750 2097 864 2162 tumque
873 2094 941 2148 illud
950 2097 990 2163 iit,

142 2169 216 2238 quod
229 2169 263 2224 ab
276 2169 361 2223 amico
374 2174 417 2224 est
431 2171 592 2240 proiectum,
602 2169 763 2238 jucundum,
780 2170 803 2223 si
820 2187 881 2224 cum
898 2171 990 2225 studio

142 2249 185 2299 cst
202 2247 370 2314 profectum:
388 2250 551 2317 tantumque
573 2247 651 2302 abest
671 2251 703 2302 ut
722 2247 856 2303 aiiiicitiee
877 2251 991 2317 prepter

142 2321 319 2390 indigentiam
331 2324 461 2391 colantur,
474 2329 505 2378 ut
518 2325 537 2377 ii
549 2325 595 2393 qui
608 2324 705 2394 opibus
721 2329 750 2378 ot
764 2325 848 2393 copiis
863 2325 990 2378 inaximo-

142 2415 196 2466 que
217 2401 319 2454 virtute
339 2401 465 2468 praediti,
485 2401 514 2454 in
538 2418 592 2469 qua
615 2402 762 2469 plurimum
786 2405 829 2454 est
851 2401 990 2468 praesidii,

141 2475 252 2529 minime
274 2477 387 2530 alterius
411 2477 559 2544 indigeant,
580 2476 761 2530 liberalissimi
782 2476 838 2528 sint
859 2479 888 2528 ct
908 2474 991 2530 bene-

141 2551 316 2606 ficentissimi.
354 2554 448 2620 Atque
466 2553 540 2609 haud
558 2554 612 2605 scio
626 2569 664 2604 an
683 2569 716 2604 ne
735 2567 802 2619 opus
821 2551 857 2604 sit
879 2551 990 2620 quidem

141 2626 208 2678 nihil
222 2643 342 2694 unquam
358 2628 467 2680 omuino
485 2628 580 2680 deesse
598 2627 699 2680 amicis.
735 2626 791 2680 Ubi
810 2627 881 2679 enim
899 2628 990 2682 studia

141 2706 234 2755 nostra
248 2703 404 2770 viguissent,
420 2703 443 2756 si
458 2720 598 2770 nunquam
615 2703 733 2768 consilio,
751 2719 890 2770 nunquam
907 2721 990 2772 opera

141 2781 234 2830 nostra
245 2777 375 2830 necdcmi
383 2795 433 2832 nec
442 2779 554 2832 militiae
564 2779 652 2847 Scipio
660 2779 797 2848 eguissotl
833 2778 857 2830 N
861 2795 894 2830 on
905 2779 990 2846 igitur

141 2852 288 2906 utilitatem
300 2854 426 2923 amicitia,
441 2857 490 2910 sed
501 2856 606 2909 utilitas
618 2856 764 2909 amicitiam
777 2859 921 2908 consecuta
933 2859 982 2909 est.

194 2929 255 2982 XV.
278 2935 318 2982 52.
337 2930 362 2982 N
364 2947 399 2983 on
411 2949 477 2999 ergo
489 2937 570 2986 erunt
582 2933 705 2986 homines
717 2932 821 2984 deliciis
834 2931 989 2985 diffluentes

140 3005 276 3070 audiendi,
302 3006 324 3057 si
348 3009 456 3074 quando
481 3009 516 3062 de
539 3009 658 3062 amicitia
681 3025 763 3076 quam
786 3025 837 3061 nce
861 3023 913 3060 usu
938 3024 989 3062 nce

140 3083 247 3136 ratione
265 3081 367 3134 habeut
385 3083 520 3149 cognitam
542 3085 729 3152 disputabunt.
765 3084 836 3136 Nam
858 3085 988 3151 quiscat,

140 3172 191 3232 pro
208 3158 290 3211 deum
308 3157 391 3237 fiQn
417 3162 501 3228 atque
519 3160 665 3228 homiuum,
684 3161 732 3230 qui
753 3161 826 3227 velit,
847 3166 880 3214 ut
900 3178 988 3230 neque
