2272 3442
146 89 178 136 rr
455 87 505 134 nn
522 85 683 148 orrrcus¹

144 169 221 237 apud
235 171 344 221 nostros
362 167 470 220 iustitie
485 169 561 221 culta
577 172 626 236 est,
638 172 671 220 ut
684 167 714 234 ii,
728 167 778 235 qui
793 167 921 221 civitates
936 173 987 221 aut

144 249 271 300 nationes
284 246 410 300 devictas
422 248 496 300 bello
509 247 539 299 in
548 247 633 300 fidem
644 247 820 316 recepissent,
831 264 925 300 earum
938 265 987 316 pa·

144 328 220 379 troni
233 331 324 380 essent
337 343 413 379 more
427 327 573 382 maiorum.
587 367 594 380 .
610 330 652 381 36.
669 328 712 380 Ac
728 329 795 380 belli
810 329 926 396 quidem
941 344 985 380 ae-

145 407 238 473 quitas
247 405 418 459 sanctissime
428 406 518 460 fetiali
526 407 626 476 populi
634 407 822 463 Romaniriure
830 407 985 476 perscripta

145 490 194 540 est.
222 487 266 538 Ex
275 483 470 554 quo'intellegi
478 488 572 554 potest
581 484 690 536 nullum
699 483 804 536 bellum
814 499 872 536 esse
881 483 985 541 iustum

145 564 199 617 uisi
212 565 289 631 quod
302 568 351 616 aut
366 564 449 616 rebus
461 563 588 632 repetitis
600 558 712 632 geratur
725 567 773 614 aut
785 563 985 618 denunciatum

145 650 209 698 ante
222 645 259 697 sit
272 648 300 698 ct
311 644 460 699 indictum.
494 635 623 712 Popilius
634 642 786 712 imperator
797 639 911 696 ten'ebat
923 661 986 712 pro-

145 725 274 792 vinciam,
284 725 316 776 in
328 723 407 777 cuius
420 723 543 776 exercitu
557 722 672 796 Catonis
683 722 757 774 filius
769 721 824 774 tiro
835 723 984 775 militabat.

145 806 215 857 Oum
234 809 328 856 autem
345 802 458 872 Popilio
476 802 621 854 videretur
638 817 723 854 unam
740 801 985 872 dimittere-legio·

144 901 217 950 nem,
226 882 340 936 Catonis
353 881 570 950 quoquefilium,
581 879 669 952 quiin
682 882 780 934 eadem
789 881 899 950 legione
913 882 985 934 mili·

137 964 232 1030 tabat,
243 961 360 1014 dimisit.
398 961 454 1013 Sed
469 977 533 1013 cum
548 977 640 1014 amore
654 961 803 1030 pugnandi
815 961 845 1014 in
859 962 984 1014 exercitu

144 1041 328 1108 remansisset,
339 1041 410 1094 Cato
425 1040 462 1093 ad
476 1040 620 1110 Popilium
635 1041 753 1110 scripsit,
766 1045 806 1109 ut,
820 1041 844 1093 si
859 1057 922 1094 eum
935 1059 985 1110 pa·

144 1121 214 1173 titur
228 1121 258 1171 in
273 1119 398 1172 exercitu
412 1136 560 1187 remanere,
574 1121 697 1173 secundo
712 1137 775 1173 eum
790 1110 902 1190 obliget,
912 1121 984 1172 mili-

145 1201 200 1254 tiae
216 1198 396 1268 sac'ramento,
407 1199 473 1268 quia
484 1199 578 1270 priore
590 1199 691 1252 arnisso
705 1199 765 1252 iure
780 1216 844 1252 cum
856 1201 985 1254 hostibus

144 1297 269 1349 pugnare
284 1297 341 1332 non
356 1282 553 1349 poterat—37.
564 1279 646 1332 Adeo
661 1295 768 1332 summa
783 1284 842 1332 erat
856 1281 985 1334 observa-

144 1361 185 1413 tio
204 1361 234 1413 in
251 1362 327 1414 bello
346 1362 492 1414 movendo.
530 1361 567 1414 M.
582 1360 697 1428 quidem
716 1360 831 1412 Catonis
849 1361 985 1432 sanie-ca
1048 1397 1051 1404 ‚

145 1441 262 1510 epistola
280 1441 318 1492 ad
336 1441 373 1494 M.
386 1441 482 1507 filium,
495 1440 526 1490 in
545 1455 601 1507 qua
622 1439 718 1492 scribit
740 1455 769 1492 se
790 1441 900 1494 audisse
920 1458 984 1494 eum

144 1520 259 1574 missum
268 1519 374 1572 factum
386 1535 444 1572 esse
457 1536 473 1572 a
485 1520 607 1586 consule,
617 1535 681 1571 cum
690 1518 720 1572 in
729 1521 895 1574 Macedonia
908 1522 984 1574 bello

144 1597 255 1649 Persico
273 1597 352 1650 miles
367 1601 446 1650 esset.
483 1597 579 1650 Monet
593 1597 682 1666 igitur
696 1601 728 1648 ut
743 1601 841 1648 caveat
855 1612 890 1648 ne
905 1611 985 1664 proe-

144 1675 213 1728 lium
225 1677 315 1728 ineat:
335 1681 421 1744 negat
433 1675 507 1728 enim
519 1676 563 1728 ius
575 1693 632 1728 esse
645 1675 695 1744 qui
709 1675 790 1731 miles
801 1692 858 1727 non
870 1675 907 1727 sit
920 1691 984 1727 cum

144 1755 224 1812 hoste
245 1771 377 1824 pugnare.
401 1756 478 1808 'XIL
497 1756 638 1822 Equidem
659 1754 745 1808 etiam
766 1755 838 1806 illud
860 1754 994 1824 animari·-

144 1839 230 1899 verto,
244 1835 330 1901 quod,
344 1833 393 1900 qui
405 1834 519 1903 proprio
534 1835 646 1887 nomine
660 1837 675 1864 “
684 1827 855 1904 perduellis”
867 1840 946 1900 esset,
959 1834 986 1886 is

146 1913 280 1966 “hostis‘’
296 1911 448 1980 vocaretur,
464 1914 579 1968 lenitate
597 1915 675 1986 verbi
692 1913 733 1967 rei
750 1915 893 1967 tristitiam
908 1908 986 1972 'miti-
1019 1971 1024 1978 ,

145 1999 246 2062 getam.
283 1993 380 2046 Hostis
397 1993 563 2062 enim-apud
578 1994 696 2047 maiores
713 1999 821 2047 nostros
836 1994 860 2046 is
875 1994 985 2046 diceba-

144 2080 197 2138 tur,
207 2089 290 2140 quem
299 2089 374 2126 nunc
384 2075 400 2102 “
407 2073 607 2143 peregrinum²’
618 2073 745 2127 dicimus.
775 2073 906 2126 Indicant
916 2075 984 2126 duo-

145 2153 237 2205 decim
255 2154 374 2222 tabulae,
388 2159 420 2206 ut
438 2169 544 2207 scarus
562 2169 630 2206 oms
649 2169 711 2207 cun
729 2168 832 2223 nosen,
846 2153 984 2222 itemque:

144 2241 298 2286 abraaeos
320 2247 438 2286 nosram
463 2249 600 2304 aurnuns
622 2249 808 2286 nucromras.
851 2233 927 2298 Quid
948 2233 990 2306 adv

144 2313 218 2365 hane
229 2313 471 2366 mansuetudinem
484 2315 553 2367 addi
562 2317 665 2382 potest,
674 2329 746 2382 eum,
757 2313 871 2380 quicum
881 2314 984 2366 bellum

145 2409 232 2461 geras,
247 2398 307 2446 tam
328 2385 408 2446 molli
428 2394 539 2446 nomine
560 2394 720 2461 appellaret
757 2394 932 2460 Quamquam
952 2393 985 2444 id

145 2488 245 2524 nomen
256 2473 353 2524 durius
363 2472 453 2524 effecit
462 2472 518 2524 iam
526 2477 649 2524 vetustas
659 2491 665 2524 :
681 2490 697 2524 a
706 2472 936 2542 peregrinoenim
945 2487 985 2523 re-

145 2551 226 2602 cessit
242 2556 270 2602 et
284 2551 396 2619 proprie
410 2551 440 2603 in
456 2568 498 2617 ea,
511 2551 559 2619 qui
575 2568 650 2604 arma
666 2558 762 2604 eontra
776 2552 867 2619 ferret,
877 2568 985 2614 ,reman-

146 2631 190 2681 sit.
228 2632 270 2682 38.
287 2631 357 2682 (lum
381 2647 447 2683 vero
473 2631 508 2682 dc
532 2630 651 2699 imperio
676 2623 986 2700 decertatur'belloque

145 2709 288 2784 quaeritur
300 2709 399 2777 gloria,
409 2726 506 2762 causas
519 2710 633 2762 omnino
645 2713 756 2764 subesse
768 2716 862 2764 tamen
875 2715 986 2780 oportet

145 2789 268 2854 easdem,
278 2805 347 2856 quas
360 2790 421 2842 dixi
433 2792 528 2859 paullo
541 2797 606 2843 ante
620 2791 709 2844 iustas
721 2808 817 2844 causas
830 2808 887 2844 csse
900 2787 986 2843 bello-

145 2883 214 2922 rum.
253 2867 308 2920 Sed
318 2884 350 2920 ea
359 2869 674 2940 bella,¹quibusimperii
683 2871 827 2940 proposita
836 2871 926 2941 gloria
936 2875 985 2933 est,

145 2949 237 3004 minus
256 2949 353 3002 acerbe
368 2950 495 3018 ¹gerenda
517 2955 590 3003 sunt.
628 2952 667 3004 Ut
685 2950 759 3002 enim
782 2967 846 3003 curn
865 2951 987 3002 civiliter

146 3027 349 3095 contendimus,
362 3028 450 3094 aliter,
464 3027 488 3079 si
503 3032 543 3080 ost
561 3027 699 3096 inimicus,
712 3029 802 3097 aliter,
815 3029 838 3081 si
853 3030 986 3100 competi*
