2256 3448
274 159 343 208 nm.
360 159 408 219 rr,
424 158 503 210 car.
519 131 677 220 rii-xtra,
693 158 707 218 a
722 160 811 208 ss-rs.
878 168 882 176 ·
920 161 965 208 rer

120 258 184 295 rum
195 242 232 294 de
244 241 351 294 iustitia
364 257 466 310 magna
480 246 552 294 esset
564 239 662 309 opinio
675 239 874 294 multitudinis.
909 241 968 292 Ad·

121 321 219 374 iuncto
231 337 297 374 vero
309 327 341 372 ut
354 321 440 374 iidem
453 321 538 374 etiam
550 318 702 389 prudentes
714 322 883 374 haberentur
894 321 968 374 nihil

122 407 181 455 erat
196 403 275 470 quod
290 401 417 477 homines
428 401 467 454 'iis
486 401 647 454 arrctoribus
662 418 719 454 non
734 419 814 471 posse
834 401 967 470 consequi

121 499 151 536 se
170 483 380 536 arbitrarentur.
411 481 503 534 ¹Omni
516 481 606 550 igitur
620 481 728 534 ratione
748 483 867 535 colenda
886 491 914 536 et
928 499 967 534 re-

122 563 241 616 tinenda
261 562 369 616 iustitia
390 570 433 614 est
453 579 517 616 curn
538 561 600 630 ipsa
622 577 672 630 per
692 577 866 616 sese-nam
887 563 968 616 aliter

122 644 232 696 iustitia
251 659 308 695 non
328 648 498 696 esset-tum
516 647 633 716 propter
652 642 899 711 amplificationem
918 644 967 694 iro·

123 724 199 777 noris
222 729 251 776 et
271 723 386 792 gloriae.
423 724 481 777 Sed
501 730 534 776 ut
555 722 691 792 pecuniae
715 740 773 776 non
794 725 968 792 quaerendae

123 806 214 857 solum
234 804 306 856 ratio
327 809 377 871 cst,
390 819 487 856 verum
507 803 592 857 etiam
610 804 801 871 collocandae,
817 819 889 871 quae
907 818 968 872 per·-

123 891 224 954 petuos
238 889 367 953 sumptus
381 884 544 954 suppeditet
556 899 609 936 nec
624 885 716 936 solum
728 883 905 950 necessarios,
918 882 968 936 sed

123 965 209 1018 etiarn
223 965 359 1032 liberales,
372 965 412 1018 sic
430 965 521 1034 gloria
539 971 567 1018 ct
582 965 741 1032 quaerenda
758 971 787 1018 et
801 963 968 1018 collocanda

124 1045 232 1109 ratione
244 1050 294 1100 est.
325 1045 369 1099 43.
389 1045 566 1113 Quamquam
578 1046 720 1114 praeclare
734 1045 862 1098 Socrates
872 1046 886 1074 ‘⁴
896 1045 969 1096 hanc

123 1125 199 1186 ¹viam
213 1125 251 1178 ad
263 1125 383 1194 gloriam
395 1125 553 1195 proximam
568 1133 597 1178 et
611 1125 692 1193 quasi
707 1125 968 1195 compendiariam”

125 1206 240 1258 dicebat
252 1209 345 1273 “esse,
355 1205 381 1258 si
393 1205 457 1274 quis
469 1206 501 1259 id
513 1211 618 1276 ageret,
630 1211 662 1258 ut
674 1206 765 1274 qualis
778 1206 876 1260 haberi
884 1207 970 1260 vellet

124 1286 190 1339 talis
207 1287 304 1339 esset.”
341 1286 426 1352 Quod
440 1285 464 1338 si
478 1286 529 1354 qui
545 1285 723 1338 simulatione
741 1290 770 1338 et
784 1285 863 1338 inani
877 1290 969 1337 osten-

125 1366 233 1420 tatione
251 1371 281 1419 et
298 1365 365 1418 ficto
383 1382 442 1418 non
460 1367 547 1418 modo
565 1382 701 1432 sermone,
715 1366 766 1418 sed
785 1365 870 1418 etiam
887 1366 970 1416 vultu

124 1447 254 1501 stabilem
266 1463 296 1499 se
308 1445 427 1515 gloriam
440 1446 575 1514 consequi
587 1463 666 1514 posse
679 1452 781 1512 rentur,
792 1446 971 1498 vehementer

46 1597 48 1602 Δ
125 1532 227 1580 errant.
264 1528 337 1582 Vera
355 1526 446 1595 gloria
460 1527 569 1580 radices
588 1526 649 1595 agit
667 1532 751 1595 atque
769 1526 856 1580 etiam
870 1542 970 1595 prapa-

125 1613 218 1677 gatur,
230 1607 297 1660 ficta
308 1606 404 1660 omnia
415 1607 543 1660 celeriter
555 1612 699 1675 tamquam
711 1606 820 1660 flosculi
833 1606 971 1660 decidunt

126 1704 179 1742 nec
191 1687 352 1740 simulatum
364 1693 459 1756 potest
470 1687 627 1754 quidquam
639 1703 698 1740 esse
711 1687 882 1741 diuturnum.
920 1687 971 1740 Te-

125 1774 184 1824 ates
197 1773 264 1820 sunt
278 1767 411 1837 permulti
425 1766 456 1819 in
470 1772 616 1835 utramque
631 1773 747 1837 partem,
761 1769 811 1822 sed
825 1767 971 1823 brevitatis

126 1865 210 1902 causa
221 1847 329 1901 familia
340 1847 467 1900 contenti
480 1847 582 1900 erimus
594 1863 658 1902 una.
688 1849 730 1903 Ti.
741 1849 816 1904 enirn
828 1849 971 1908 Gracchus

127 1931 159 1984 P.
169 1930 202 1983 F.
212 1933 272 1982 tam
286 1928 337 1980 diu
350 1925 521 1996 laudabitur,
534 1929 603 1980 dum
618 1929 751 1983 memoria
765 1947 857 1984 rernm
870 1931 971 1983 Rorna-

127 2026 228 2063 norum
250 2008 393 2062 mancbit:
415 2013 445 2061 at
469 2007 529 2062 eius
550 2008 603 2060 filii
627 2026 679 2062 nec
700 2010 759 2063 vivi
779 2011 972 2080 probabantur
1023 2005 1027 2013 “

129 2091 211 2144 bonis
236 2095 265 2142 et
287 2088 392 2146 mortui
415 2105 560 2142 numerum
584 2089 714 2142 obtinent
737 2089 798 2142 iure
822 2104 970 2141 caesorum.

127 2172 207 2225 XIII.
227 2170 283 2238 Qui
300 2169 390 2239 igitur
412 2169 534 2238 adipisci
551 2185 646 2223 veram
664 2168 783 2238 gloriam
800 2169 877 2222 volet
894 2167 972 2220 iusti-

127 2253 186 2306 tiae
200 2252 335 2320 fungatur
353 2249 461 2304 officiis.
499 2251 541 2303 Ea
559 2265 631 2317 quae
651 2253 743 2302 essent
761 2247 868 2301 dictum
886 2247 983 2301 estin

128 2333 202 2385 libro
214 2329 364 2399 superiore.

164 2412 208 2465 44.
229 2410 293 2477 Sed,
305 2415 339 2462 ut
352 2409 487 2462 facillime
502 2410 599 2477 quales
617 2408 703 2462 simus
718 2409 788 2461 tales
806 2423 864 2460 esse
878 2406 972 2460 videa-

128 2507 192 2544 mur
209 2489 263 2544 etsi
280 2490 311 2542 in
329 2506 362 2542 eo
380 2489 443 2558 ipso
461 2489 504 2543 vis
522 2489 644 2542 maxima
663 2495 712 2555 est,
725 2494 757 2542 ut
776 2487 861 2541 simus
878 2487 907 2556 ii,
923 2486 972 2554 qui

130 2571 227 2624 haberi
236 2570 362 2636 velimus,
373 2574 467 2622 tomen
480 2569 620 2637 quaedam
629 2573 779 2638 praecepta
791 2568 886 2622 danda
898 2574 971 2622 sunt.
1024 2595 1027 2602 ι

129 2654 204 2706 Nam
219 2651 243 2704 si
258 2650 322 2718 quis
339 2650 376 2702 ab
390 2649 505 2702 ineunte
523 2654 614 2701 aetate
632 2649 718 2702 habet
734 2665 847 2704 causam
861 2648 973 2702 celebri-

129 2732 198 2785 tatis
215 2737 244 2784 et
262 2729 384 2788 nominis
402 2739 452 2782 aut
470 2745 486 2782 a
503 2733 583 2799 patro
601 2735 754 2800 acceptam,
768 2730 845 2798 quod
860 2729 921 2797 tibi,
934 2728 973 2781 mi

130 2811 237 2878 Cicera,
251 2811 370 2870 arbitror
388 2809 547 2878 contigisse,
561 2814 610 2862 aut
627 2810 722 2878 aliquo
741 2826 806 2864 casu
822 2814 906 2878 atque
919 2808 973 2860 for-

130 2899 207 2958 tuna,
218 2892 249 2943 in
260 2892 336 2944 hunc
348 2889 423 2942 oculi
436 2889 561 2942 onrrrium
573 2891 761 2944 coniiciuntur·
773 2895 857 2959 atque
870 2891 900 2942 in
911 2904 973 2941 eum

130 2973 203 3042 quid
221 2976 295 3041 agat,
308 2987 393 3038 quem
411 2971 449 3023 ad
464 2971 581 3023 modum
594 2971 672 3024 vivat
686 2971 839 3040 inquiritur
856 2976 892 3036 et,
905 2975 974 3021 tarn·

130 3069 217 3122 quarn
228 3052 259 3103 in
272 3050 425 3103 clarissimo
437 3051 499 3103 luce
511 3056 642 3118 versetur,
652 3051 693 3105 ita
705 3053 814 3104 nullum
826 3051 974 3102 obscurum
1066 3097 1069 3101 .

130 3137 227 3206 potest
238 3147 290 3186 nec
305 3131 414 3208 dictum
427 3129 487 3184 eins
501 3147 559 3185 csse
575 3147 626 3186 nee
638 3131 751 3187 facturn.
787 3130 830 3183 45.
850 3129 975 3195 Quorum
