2256 3448
312 124 381 176 LIB.
397 125 444 187 ΙΙ.,
461 123 539 178 CAP.
556 125 683 190 V.-v11.·‚
700 127 715 188 ἕ
730 130 819 180 16-23.
940 131 989 182 123

146 211 190 264 20.
210 208 250 262 At
269 225 334 261 vero
352 209 482 262 interitus
500 211 681 278 exercituum,
696 215 730 266 ut
747 213 874 282 proxime
893 213 988 282 trium,

146 306 230 359 saepe
244 290 404 356 multorum,
415 290 508 342 clades
522 291 729 361 imperatorum,
740 298 772 345 ut
784 309 874 362 nuper
888 294 989 350 sumna

146 373 175 422 et
185 368 336 438 singularis
346 368 407 436 viri,
418 369 542 423 invidiae
551 376 693 440 praeterea
701 373 894 426 multitudinis
903 377 987 442 atque

146 450 184 502 ob
203 466 250 502 eas
266 451 335 502 bene
350 451 511 504 meritorum
526 467 608 521 saepe
627 447 731 506 civium
746 453 931 523 expulsiones,
945 469 988 506 aa·
1072 451 1074 454 ’

146 531 294 600 lamitateS,
307 531 399 600 fugae,
412 547 560 597 rursusque
579 533 716 585 secundae
735 549 785 602 res,
799 535 925 603 honores,
938 533 988 586 im-

145 610 235 680 peria,
246 611 389 680 victoriae,
405 627 576 682 quamquam
593 611 711 666 fortuita
728 617 801 682 sunt,
816 617 910 668 tamen
928 614 988 668 sine

146 691 293 746 hominum
311 692 412 760 opibus
430 697 459 746 et
476 692 579 747 studiis
596 697 724 750 neutram
741 693 772 746 in
789 699 898 764 partem
916 695 988 748 effici

146 777 273 842 possunt.
310 773 373 826 Hoc
391 773 480 843 igitur
498 773 614 844 cognito
632 773 787 832 dicendum
806 778 848 829 est
865 791 988 843 quonam

146 854 233 910 modo
252 853 398 906 hominum
416 853 510 907 studia
529 855 567 908 ad
584 854 723 908 utilitates
738 858 849 909 nostras
866 855 989 910 adlicere

147 939 233 1002 atque
251 933 372 986 excitare
387 934 533 1003 possimus
570 935 649 1001 Quae
666 935 691 989 si
704 935 817 1006 longior
830 934 915 989 fuerit
930 951 988 989 ora-

146 1013 196 1081 tio,
212 1030 276 1066 cum
294 1013 492 1083 magnitudine
511 1014 644 1068 utilitatis
666 1020 857 1086 comparetur:
875 1015 916 1070 ita
934 1015 988 1071 for·
1021 1011 1022 1016 ’

146 1098 220 1148 tasse
233 1093 317 1147 etiam
330 1093 442 1148 brevior
453 1094 606 1150 'videbitur

182 1177 225 1228 21.
245 1175 443 1242 Quaecumque
467 1175 555 1244 igitur
576 1175 704 1234 homines
728 1175 838 1231 homini
857 1177 990 1231 tribuunt

147 1255 185 1308 ad
206 1270 269 1308 eum
288 1256 449 1325 augendum
467 1262 552 1324 atque
571 1257 787 1325 honestandam,
802 1261 852 1310 aut
869 1258 988 1311 benevo-

146 1335 250 1388 lentiae
264 1336 355 1406 gratia
367 1335 481 1404 faciunt,
495 1352 560 1392 eum
573 1337 715 1406 aliqua-de
731 1352 814 1392 causa
827 1336 988 1406 quempiam
1026 1389 1029 1396 ,

147 1415 281 1486 diligunt,
300 1417 495 1488 anthenoris,
516 1417 541 1470 si
568 1416 648 1470 cuius
671 1416 815 1472 uirtutem
831 1415 988 1485 suspiciunt

147 1512 286 1565 quemque
310 1497 430 1566 dignum
450 1496 563 1550 fortuna
587 1513 671 1566 quam
693 1495 866 1566 amplissima
885 1501 989 1566 putant

144 1581 197 1632 aut
217 1577 264 1630 cui
284 1577 369 1632 fidem
390 1578 495 1630 habent
516 1582 545 1631 et
566 1579 643 1631 bene
661 1577 743 1632 rebus
763 1572 832 1630 suis'
844 1578 989 1630 consulere

146 1658 318 1712 arbitrantur
332 1664 381 1712 aut
393 1658 473 1712 cuius
488 1675 555 1728 opes
567 1661 705 1725 metuunt,
719 1661 767 1712 aut
779 1661 885 1726 contra,
898 1674 916 1710 a
927 1657 987 1725 qui·

146 1739 200 1792 bus
214 1738 324 1806 aliquid
336 1743 554 1808 exspectant,ut
568 1754 633 1792 curn
647 1753 727 1808 reges
740 1739 924 1808 popularesve
937 1739 987 1792 lio·
1042 1777 1048 1784 .

68 1817 70 1822 '
145 1818 408 1888 mineslargitiones
420 1819 528 1887 aliquas
537 1823 709 1891 proponunt,
718 1823 768 1875 aut
777 1824 917 1889 postremo
926 1835 988 1889 pre-

145 1899 188 1952 tio
209 1915 242 1952 ac
262 1901 390 1954 mercede
408 1899 558 1967 ducuntur,
574 1915 645 1968 quae
667 1899 860 1954 sordidissima
877 1905 921 1954 est
938 1900 987 1954 illa

144 1979 262 2048 quidem
274 1979 346 2033 ratio
359 1984 387 2032 ct
398 1979 626 2047 inquinatissima
638 1983 667 2033 et
679 1980 732 2048 his,
742 1980 792 2048 qui
804 1997 837 2034 ea
849 1985 986 2047 tenentur,

145 2064 175 2113 ct
195 2059 260 2126 illis,
278 2059 328 2127 qui
350 2060 390 2113 ad
410 2075 472 2112 eam
494 2059 646 2130 confugere
662 2066 815 2116 conantur.
852 2063 895 2114 22.
913 2061 987 2114 Male

145 2139 222 2192 enim
240 2155 270 2193 se
288 2155 332 2192 res
349 2140 444 2210 habet,
457 2156 530 2208 cum,
544 2141 622 2208 quod
636 2139 741 2196 virtute
759 2139 832 2192 effici
850 2141 942 2206 debet,
955 2139 987 2192 id

145 2224 300 2290 temptatur
313 2221 442 2290 pecunia.
480 2222 535 2274 Sed
551 2220 684 2291 quoniam
698 2236 755 2274 non
768 2235 923 2286 numquam
934 2219 988 2272 hoc

144 2300 304 2354 subsidium
315 2301 501 2356 necessarium
513 2305 566 2369 est,
580 2317 664 2368 quem
679 2301 717 2354 ad
729 2299 845 2353 modum
860 2298 897 2352 sit
909 2302 988 2354 uten-

145 2382 216 2435 dum
237 2397 270 2434 eo
292 2382 427 2450 dicemus,
442 2382 466 2435 si
484 2382 563 2452 prius
580 2381 616 2434 iis
638 2381 675 2434 de
692 2381 783 2448 rebus,
799 2395 870 2448 quae
887 2379 988 2436 virtuti

145 2461 291 2532 propiores
303 2467 376 2532 sunt,
389 2463 550 2518 dixerimus.
586 2463 681 2531 Atque
695 2461 780 2515 etiarn
793 2459 947 2516 subiiciunt
959 2478 988 2516 se

144 2542 274 2595 homines
288 2542 407 2612 imperio
421 2543 535 2596 alterius
550 2547 579 2596 et
592 2542 728 2612 potestati
743 2543 780 2596 de
799 2541 889 2596 causis
903 2541 989 2612 pluri-

145 2621 208 2676 bus.
252 2627 401 2676 Ducuntur
420 2623 494 2676 enim
513 2628 562 2678 aut
580 2623 775 2678 benevolentia
793 2627 842 2676 aut
860 2623 989 2678 benefici·

144 2719 226 2758 orum
240 2703 437 2774 magnitudine
453 2709 502 2758 aut
518 2705 667 2774 dignitatis
682 2705 856 2774 praestantia
872 2711 922 2760 aut
939 2721 988 2774 spe

144 2783 202 2840 sibi
215 2784 247 2838 id
261 2785 332 2838 utile
344 2783 470 2838 futurum
488 2789 537 2840 aut
551 2789 628 2838 metu
642 2800 677 2838 ne
691 2784 721 2838 vi
735 2801 832 2854 parere
850 2789 989 2854 cogantur

145 2867 194 2916 aut
213 2881 262 2934 spe
280 2864 439 2934 largitionis
456 2864 657 2934 promissisque
675 2865 753 2934 capti
771 2870 820 2919 aut
838 2872 987 2935 postremo,

144 2949 178 3001 ut
192 2961 274 3015 saepe
292 2945 323 2997 in
338 2951 433 2998 nostra
452 2961 480 2997 re
495 2943 761 3014 publicavidemus,
775 2947 906 3000 mercede
924 2960 988 2998 con·

143 3026 235 3080 ducit.
270 3027 334 3080 VII.
371 3028 414 3080 28.
434 3025 566 3078 Omnium
590 3029 683 3080 autem
704 3042 795 3080 rerum
818 3041 871 3078 neo
895 3024 988 3093 aptius

143 3108 189 3160 cst
210 3105 368 3176 quidquam
389 3106 426 3158 ad
450 3121 518 3176 opes
540 3106 660 3160 tuendas
684 3121 717 3160 ac
740 3105 877 3158 tenendas
903 3119 988 3170 quam
1075 3153 1077 3160 ,
