2272 3442
148 146 180 193 80
459 137 509 186 Dn
526 136 678 187 osricus

148 225 226 294 gatio
244 228 287 277 est
305 215 446 276 societatis
464 221 702 292 propinquorum:
722 218 757 270 ab
775 215 825 268 illa
843 212 919 267 enim
936 212 987 264 im-

148 321 243 356 mensa
264 302 396 356 societate
414 301 530 352 humani
551 298 661 369 generis
680 298 711 350 in
732 297 866 365 exiguum
888 309 987 362 angus

148 390 262 450 tumque
287 381 472 434 concluditur.
510 381 552 433 54.
569 380 642 431 Nam
667 394 730 430 cum
753 377 789 429 sit
810 377 864 428 hoe
888 379 988 426 natura

148 477 294 514 commune
307 460 498 527 animantium,
507 465 540 512 ut
551 459 674 512 habeant
683 457 831 510 libidinem
843 469 987 524 procrean-

150 539 188 605 di,
199 539 288 607 prima
303 539 420 592 societas
434 538 465 590 in
479 537 541 608 ipso
559 534 691 604 coniugio
709 537 760 601 est,
770 532 899 603 proxima
912 531 943 584 in
957 531 989 583 li-

149 617 230 686 beris,
240 617 344 670 deinde
356 633 412 670 una
424 617 533 686 domus,
542 613 701 670 communia
713 613 815 666 omnia.
849 613 885 664 Id
898 615 989 664 autem

149 706 191 753 est
201 697 373 770 principium
387 698 466 752 urbis
478 702 506 751 et
516 697 597 766 quasi
609 695 786 750 seminarium
798 695 838 748 rei
850 693 986 764 publicae.

151 782 312 849 Sequuntur
323 781 440 832 fratrum
453 777 672 843 coniunctiones,
682 781 748 846 post
761 775 988 828 consobrinorum

150 861 388 930 sobrinonrmquc,
407 858 457 926 qui
481 873 545 910 cum
568 873 626 910 una
652 857 737 909 domo
762 856 819 908 iam
846 854 910 924 capi
932 869 988 906 non

150 941 265 1009 possint,-
278 939 308 1010 in
325 938 394 990 alias
412 938 511 990 domos
528 942 671 1005 tamquam
688 937 719 988 in
737 935 861 989 colonias
878 939 988 988 exeunt.

54 1080 58 1086 .
152 1021 312 1087 Sequuntur
333 1018 474 1070 connubia
495 1023 524 1070 et
544 1017 710 1085 adfinitates,
727 1033 762 1070 ex
784 1017 886 1085 quibus
905 1015 989 1068 etiam

104 1099 106 1104 '
145 1101 244 1168 ¹plures
258 1097 418 1166 propinqui.
455 1099 532 1164 Quae
547 1098 715 1167 propagatio
734 1102 762 1150 et
780 1098 892 1149 suboles
910 1095 989 1163 origo

151 1183 194 1230 est
214 1167 305 1238 rerum
324 1178 507 1246 publicarum.
546 1178 696 1247 Sanguinis
717 1183 810 1230 autem
831 1175 989 1229 coniunctio

111 1251 115 1262 '
151 1259 348 1312 benevolentia
366 1258 492 1310 devincit
506 1258 633 1310 homines
652 1263 680 1310 et
695 1258 817 1311 caritate.
855 1261 897 1310 55.
913 1258 990 1325 Mag-

152 1355 219 1391 num
232 1343 274 1392 est
284 1339 358 1391 enim
371 1340 469 1392 eadem
481 1339 584 1392 habere
596 1343 776 1391 monumenta
788 1337 932 1405 maiorum,
941 1337 990 1389 eis-

153 1421 218 1472 dem
232 1420 275 1472 uti
294 1420 385 1487 sacris,
399 1421 526 1489 sepulcra
541 1421 642 1472 habere
661 1419 825 1472 communia.
864 1419 920 1472 Sed
935 1434 990 1471 orn-

152 1500 231 1552 nium
246 1501 412 1552 societatum
431 1501 508 1552 nulla
522 1499 707 1568 praestantior
725 1504 774 1567 est,
787 1500 865 1551 nulla
878 1498 990 1565 firmior,

153 1595 237 1647 quam
252 1595 316 1631 cum
328 1579 382 1632 viri
395 1579 462 1631 boni
474 1579 597 1632 moribus
612 1579 716 1631 similes
728 1584 793 1630 sunt
803 1579 992 1631 familiaritate

153 1659 305 1712 coniuncti.
337 1659 415 1710 Illud
428 1659 501 1710 enim
515 1659 670 1727 honesturn,
680 1659 756 1727 quod
770 1675 851 1728 saepe
864 1658 991 1726 dicimus,

154 1739 240 1790 ctiam
255 1738 279 1790 si
293 1737 324 1789 in
339 1737 394 1790 alio
407 1738 553 1807 cernimus,
564 1743 658 1792 tamen
673 1755 724 1791 nos
738 1744 832 1792 movet
844 1743 929 1807 atque
940 1739 991 1806 illi,

142 1811 184 1868 'in
204 1833 260 1884 quo
275 1817 307 1869 id
318 1817 410 1870 'inesse
425 1819 548 1888 videtur,
557 1820 661 1873 amicos
675 1819 750 1874 facit,
788 1823 830 1874 56.
845 1821 884 1872 Et
898 1835 993 1888 quam-

154 1913 238 1964 quam
256 1897 346 1948 omnis
360 1897 450 1951 virtus
468 1915 519 1951 nos
537 1899 573 1951 ad
593 1917 621 1952 se
641 1900 740 1953 adlicit
758 1899 881 1968 facitque
900 1905 933 1952 ut
946 1917 994 1952 eos

155 1976 314 2046 diligamus,
325 1976 355 2028 in
370 1977 473 2045 quibus
485 1977 549 2048 ipsa
560 1979 649 2032 inesse
661 1980 797 2048 videatur,
808 1985 901 2033 tamen
915 1980 993 2032 iusti-

153 2057 194 2109 tia
212 2062 240 2108 et
255 2056 406 2110 liberalitas
423 2058 454 2110 id
472 2059 592 2124 maxime
610 2059 703 2114 efficit.
740 2061 821 2113 Nihil
840 2067 934 2113 autem
952 2065 994 2112 est

153 2137 302 2190 amabilius
316 2154 369 2190 nec
384 2139 543 2208 copulatius
559 2156 642 2208 quarn
656 2141 765 2192 moruin
778 2140 932 2193 similitudo
944 2141 994 2192 bo-

154 2233 262 2270 norum.
300 2219 334 2270 In
352 2219 454 2287 quibus
473 2221 547 2272 enirn
566 2221 663 2273 eadem
682 2220 776 2272 studia
794 2224 867 2288 sunt,
879 2221 994 2273 eaedem

153 2299 322 2368 voluntates,
329 2299 359 2350 in
372 2298 407 2351 iis
421 2301 454 2352 fit
467 2306 498 2352 ut
508 2300 727 2369 usquequisque
739 2301 826 2352 altero
839 2299 995 2352 delectetur

154 2394 188 2430 ac
206 2395 234 2430 se
252 2379 322 2448 ipso,
336 2379 509 2448 efficiturque
527 2380 566 2445 id,
580 2381 658 2448 quod
672 2381 845 2448 Pythagoras
863 2379 994 2432 ultimum

154 2456 184 2507 in
200 2458 323 2510 amicitia
338 2459 456 2527 putavit,
469 2465 501 2512 ut
515 2475 587 2510 unus
605 2459 654 2512 fiat
669 2459 852 2528 expluribus.
889 2459 995 2528 Magna

154 2535 240 2588 etiam
249 2537 298 2589 illa
307 2540 492 2592 communitas
504 2543 553 2607 est,
564 2555 635 2607 quae
648 2539 794 2592 conficitur
806 2555 840 2592 ex
852 2539 995 2592 beneficiis

154 2617 229 2666 ultro
242 2621 270 2667 et
279 2617 350 2668 citro
363 2619 439 2670 datis
452 2619 636 2688 acceptisque,
647 2635 717 2688 quae
730 2625 759 2672 et
767 2625 865 2673 mutua
877 2623 906 2672 et
914 2624 995 2688 grata

156 2695 225 2746 dum
238 2700 311 2764 sunt,
320 2695 395 2748 inter
407 2714 477 2766 quos
489 2715 521 2750 ea
533 2704 598 2750 sunt
609 2699 687 2752 firma
700 2699 898 2760 devinciuntur
909 2699 995 2752 socie·

155 2778 221 2826 tate.
249 2775 441 2830 cananeum
456 2778 550 2830 omnia
568 2779 675 2832 ratione
693 2779 841 2848 animoque
860 2779 994 2848 lustraris,

154 2851 280 2905 omnium
290 2855 454 2932 societatum
464 2859 541 2910 nulla
549 2863 589 2911 est
599 2859 717 2927 gravior,
726 2861 803 2912 nulla
813 2860 902 2913 carior
910 2875 995 2928 quam

156 2949 195 3001 ea,
208 2949 278 3002 quaa
291 2950 355 2987 cum
367 2951 396 2988 re
409 2937 523 3006 publica
536 2943 578 2991 est
591 2939 639 2991 uni
652 2939 752 3007 cuique
765 2945 897 2993 nostrum.
930 2940 995 2992 Cari

155 3019 221 3066 sunt
230 3021 366 3082 parentes,
377 3017 434 3068 cari
444 3017 532 3083 liberi,
540 3020 700 3087 propinqui,
710 3019 867 3088 familiares,
878 3021 927 3074 sed
937 3037 994 3072 om-

134 3125 136 3130 ·
155 3109 205 3146 nes
217 3091 341 3148 omnium
353 3096 481 3148 caritates
489 3097 581 3164 patria
590 3113 646 3148 una
657 3099 803 3166 complexa
816 3105 865 3166 est,
875 3115 926 3168 pro
939 3115 995 3168 qua
