2272 3442
336 148 427 197 GATO
444 146 577 196 MAJOR.
611 144 689 193 cAP.
708 143 756 192 IV.
774 142 808 192 V.
972 143 987 190 ὅ

140 227 297 286 consularis.
333 229 384 282 Est
401 228 429 280 in
447 227 572 281 manibus
589 226 718 294 laudatio,
732 241 814 293 quam
826 239 911 293 quum
923 221 989 290 legi-

139 321 306 374 unusquam
324 303 513 372 philosophum
529 319 584 357 non
603 301 817 356 contemnimus?
853 299 879 352 N
881 315 912 352 ee
924 314 989 352 vero

139 381 186 435 illc
204 382 232 434 in
251 381 312 433 luce
332 378 413 432 modo
430 382 513 447 atque
532 379 561 432 in
581 377 665 432 oculis
680 377 778 430 civium
798 392 920 443 magnus,
939 374 989 428 sed

139 457 214 512 intus
235 455 363 522 domique
383 455 576 524 praestantior.
612 453 665 517 Qui
689 456 793 506 sermo!
820 467 891 520 quae
912 467 988 519 prae·

139 536 234 601 cepta!
255 535 358 599 quanta
375 531 474 584 notitia
491 529 679 597 antiquitatis!
700 544 771 596 quae
789 526 903 580 scientia
916 525 988 593 juris

140 607 260 675 augurii!
298 606 404 660 Multae
418 606 502 660 etiam
518 609 551 658 ut
567 605 596 658 in
613 604 723 660 homine
736 602 859 656 Romano
871 601 988 655 litterae.

140 683 239 736 Omnia
250 682 381 736 memoria
389 681 511 748 tenebat,
521 697 575 734 non
585 679 736 733 domestica
745 678 832 731 solum
844 677 894 730 sed
905 677 988 730 etiam

140 763 254 812 externa
265 757 345 812 bella.
382 756 466 825 Cujus
484 773 609 810 sermone
627 755 667 810 ita
684 758 743 808 tum
760 752 859 828 cupide
875 751 989 806 fruebar

140 835 218 902 quasi
224 834 284 902 jam
297 833 456 901 divinarem,
474 833 504 886 id
522 832 597 902 quod
609 832 708 898 evenit,
720 830 768 884 illo
780 829 917 883 exstincto
929 829 988 882 lore

140 909 214 962 unde
225 910 359 963 discerem
371 910 515 963 neminem.
761 969 762 972 Ἰ

192 985 226 1038 V.
253 991 292 1039 13.
318 985 453 1049 Quorsum
465 985 550 1052 igitur
561 983 627 1037 haec
640 985 698 1036 tam
706 982 793 1036 multa
804 981 840 1034 de
850 980 986 1034 Maximol

141 1060 211 1124 Quia
228 1061 350 1129 prolecto
368 1060 469 1113 videtis
485 1060 562 1113 nefas
580 1075 640 1112 esse
659 1057 735 1111 dictu
756 1057 882 1110 miseram
903 1057 987 1110 fuisse

139 1136 224 1189 talem
240 1139 420 1198 senectutem;
441 1153 492 1192 nee
521 1139 614 1188 tamen
626 1150 720 1187 omnes
733 1137 847 1200 possunt
859 1149 921 1186 esse
931 1132 987 1185 Sci-

140 1211 234 1279 piones
250 1214 298 1264 aut
311 1211 424 1264 Maximi
440 1215 474 1264 ut
489 1209 597 1262 urbium
613 1209 835 1277 expugnationes,
847 1211 880 1262 ut
891 1207 987 1276 pedes-

140 1290 198 1340 tres
210 1286 352 1339 navalesve
364 1302 476 1352 pugnas,
488 1289 520 1338 ut
534 1285 607 1338 bella
621 1302 637 1337 a
649 1288 776 1352 segesta
787 1288 819 1338 ut
835 1283 987 1352 triumphos
1006 1339 1009 1346 ,

140 1361 326 1414 recordentur.
364 1361 414 1412 list
435 1361 518 1413 etiam
538 1361 631 1428 quiete
652 1363 681 1413 et
704 1377 773 1427 pure
796 1364 825 1412 et
848 1360 987 1426 eleganter

141 1439 220 1489 actae
237 1435 337 1488 aetatis
354 1434 460 1502 placida
475 1451 507 1488 ac
525 1434 592 1488 lenis
611 1439 743 1501 senectus,
759 1435 867 1502 qualem
884 1435 987 1505 accepi-

141 1527 202 1564 mus
219 1510 340 1564 Platonis
358 1510 405 1578 qui
423 1527 477 1564 uno
495 1514 524 1564 et
541 1510 707 1578 octogesimo
722 1526 792 1563 anno
808 1509 928 1564 scribens
944 1514 987 1564 est

141 1592 279 1651 mortuus;
297 1586 406 1654 qualem
426 1586 553 1640 Isocratis
571 1587 618 1654 qui
636 1603 699 1639 eum
717 1585 817 1639 librum
836 1587 883 1654 qui
902 1587 987 1639 Pana—

41 1733 44 1738 ·
141 1662 282 1716 thenaicus
297 1661 455 1715 inscribitur
470 1667 568 1730 quarto
585 1663 614 1716 et
630 1662 803 1729 nonagesimo
819 1679 888 1715 anno
904 1662 987 1730 scrip

142 1738 209 1791 sisse
234 1754 263 1790 se
287 1737 362 1803 dicit,
387 1738 509 1806 vixitque
534 1738 748 1806 quinquennium
771 1741 881 1804 postea;
910 1738 987 1806 eujus

141 1813 271 1881 magister
286 1813 434 1866 Leontinus
451 1814 566 1881 Gorgias
580 1817 689 1867 eentum
704 1817 733 1866 et
748 1817 854 1882 septem
872 1814 988 1883 comple-

143 1889 181 1942 vit
195 1905 280 1946 annos
294 1905 384 1956 neque
396 1905 516 1956 unquam
531 1889 558 1941 in
574 1906 621 1942 suo
636 1889 728 1942 studio
742 1893 826 1956 atquo
838 1906 920 1957 opere
932 1907 988 1943 ces-

142 1965 220 2018 savit.
257 1963 316 2030 Qui,
333 1981 416 2032 quum
432 1982 465 2018 ex
481 1981 512 2018 eo
528 1968 707 2032 quaereretur
721 1982 770 2019 cur
784 1965 890 2019 tamdiu
906 1965 988 2018 vellet

142 2057 203 2093 esse
219 2040 247 2092 in
265 2040 329 2104 vita,
347 2040 414 2092 nihil
432 2040 527 2107 habeo,
546 2041 642 2110 inquit,
661 2041 734 2108 quod
753 2057 878 2094 accusem
899 2058 988 2095 senoc-

142 2118 241 2169 tutem.
279 2121 318 2168 14.
349 2116 523 2169 Praeclarum
544 2133 703 2183 responsum
725 2119 754 2170 et
777 2116 857 2171 docto
881 2117 989 2170 homine

143 2191 263 2257 dignum.
299 2191 353 2243 Sua
368 2191 440 2243 eninr
452 2192 520 2244 uitia
535 2192 693 2259 insipientes
710 2195 739 2246 et
755 2209 831 2246 suam
843 2193 949 2260 eulpam
961 2193 988 2244 in

143 2267 313 2319 senectutem
325 2266 482 2330 eonienmt;
501 2267 575 2333 quod
587 2283 640 2318 non
654 2266 772 2321 iaciebat
783 2268 808 2320 is
819 2267 898 2336 cujus
910 2269 990 2320 modo

144 2340 309 2394 mentionem
321 2339 373 2392 feci
386 2340 501 2394 Ennius:

242 2424 312 2471 Sicut
323 2424 394 2471 sortis
406 2440 491 2486 equus,
506 2426 586 2486 spatio
597 2425 641 2486 qui
652 2440 723 2486 saepo
735 2441 850 2487 supremo

240 2488 310 2536 Vicit
321 2489 443 2551 Olympia,
457 2505 524 2537 nunc
536 2490 604 2536 senio
615 2488 735 2536 confecta*
747 2489 859 2551 quiescit.

144 2573 215 2643 Equi
228 2573 308 2627 fortis
323 2577 351 2627 ot
365 2574 476 2627 victoris
492 2574 627 2628 senectuti
642 2578 783 2642 comparat
801 2591 886 2631 suam.
905 2579 990 2644 Quem

144 2649 256 2718 quidem
270 2649 356 2719 probe
370 2651 526 2704 meminisse
540 2650 664 2718 potestis.
701 2652 783 2703 Anno
794 2651 866 2704 enim
880 2651 991 2705 undevi-

144 2725 245 2778 cesimo
262 2727 325 2794 post
344 2723 404 2791 ejus
421 2730 537 2779 mortem
556 2725 584 2778 hi
601 2726 723 2780 eonsules
738 2726 767 2779 Τ.
780 2726 949 2780 Flamininus
964 2730 992 2779 et

145 2801 190 2854 M'.
203 2800 307 2853 Acilius
321 2799 387 2852 facti
405 2801 484 2865 sunt;
502 2801 548 2853 ille
563 2805 656 2854 autem
671 2801 807 2871 Caepione
822 2805 851 2856 et
867 2802 992 2872 Philippo

145 2874 244 2928 iterum
257 2874 412 2928 consulibus
426 2879 550 2928 mortuus
563 2880 619 2930 est:
639 2893 722 2945 quum
738 2895 789 2946 ego
803 2877 915 2946 quidem
927 2895 946 2932 v
964 2882 993 2931 et

146 2965 182 3003 nx
202 2968 287 3005 annos
304 2955 385 3004 natus
403 2951 492 3019 legem
504 2950 652 3006 Voconiam
669 2969 767 3022 magna
785 2971 851 3009 voce
868 2959 898 3008 et
915 2954 993 3007 bonis

146 3025 278 3080 lateribus
297 3028 448 3081 suasissem.
486 3028 582 3080 Annos
601 3045 656 3082 nxx
674 3034 762 3098 natus,
777 3034 820 3083 tot
838 3031 910 3083 enim
925 3030 993 3083 vixit

149 3100 257 3168 Ennius,
275 3103 315 3156 ita
335 3103 444 3156 ferebat
462 3104 516 3157 duo
534 3121 604 3171 quae
623 3107 741 3159 maxima
760 3109 894 3174 putantur
911 3122 993 3158 onera

146 3179 336 3272 paupertatem
352 3183 381 3232 et
397 3182 574 3248 senectutem,
586 3181 665 3233 ut'iis
678 3198 765 3247 paene
779 3180 909 3234 delectui
922 3181 993 3233 vide-
