2256 3448
286 116 354 165 ara.
369 116 417 177 11.‚
434 115 512 166 car.
529 83 710 178 xu.-xvn.,
727 115 742 176 s
759 119 849 166 saco.
876 172 879 178 ,
943 120 992 166 13⁷

146 199 262 253 functus
283 203 327 252 est
347 197 477 251 aedilicio
494 197 617 250 maximo
635 215 749 252 munere
766 202 795 253 ct
811 199 909 270 paullo
927 204 992 268 post

147 280 178 335 L.
199 282 315 333 Crassus
345 294 411 330 cum
440 276 566 330 omnium
594 279 740 332 hominum
769 279 992 332 moderatissimo

148 363 181 427 Q.
200 360 297 413 Mucio
323 357 601 427 magnificentissima
627 359 771 413 aedilitate
795 359 908 415 functus
934 363 991 412 est:

147 441 254 493 deinde
274 440 304 494 (l.
320 438 457 492 Claudius
475 437 565 507 Appii
583 437 666 506 filius,
681 439 764 491 multi
783 444 856 509 post,
871 439 991 508 Luculli,

148 519 324 587 Hortensius,
344 519 463 574 Silanus.
508 517 611 571 Omnes
632 521 726 571 autern
746 521 777 574 P.
794 521 928 573 Lentulus
947 535 992 573 me

148 601 264 654 consule
278 599 349 654 vicit
367 599 530 669 superiores
566 599 651 652 Hunc
669 603 711 651 est
726 599 844 652 Scaurus
858 599 991 655 imitatus.

148 682 428 753 Magnificentissimo
439 695 506 736 vero
520 680 611 734 nostri
623 681 752 750 Pompeii
767 697 882 734 munera
896 698 992 736 secun-

149 764 188 816 do
206 764 369 816 consulatu:
388 762 419 814 in
437 762 540 832 quibus
558 761 688 814 omnibus
706 761 777 830 quid
794 761 866 814 mihi
883 763 992 830 placcat
1037 801 1040 808 .

149 844 238 898 vides
275 843 367 898 XVH.
405 845 448 897 58.
468 842 594 898 Vitanda
611 847 706 895 tamen
725 841 847 912 suspicio
867 847 909 895 est
928 859 992 895 ava·

150 924 240 979 ritiac.
287 923 427 978 Mamerco
453 923 563 976 homini
590 921 760 978 divitissimo
788 922 992 992 praetermissio

150 1004 306 1059 aedilitatis
323 1005 485 1057 consulatus
499 1005 638 1073 repulsam
653 1003 757 1058 attulit.
795 1005 858 1070 Qua
871 1020 901 1056 re
920 1007 956 1072 et,
968 1001 992 1055 si

149 1086 311 1155 postulatur
322 1101 340 1138 a
350 1085 467 1154 populo,
477 1083 560 1158 bonis
571 1083 639 1136 viris
653 1083 677 1136 si
689 1100 746 1137 non
759 1083 991 1152 desiderantibus,

151 1170 180 1218 at
195 1171 289 1218 mmen
307 1163 529 1234 approbantibus
542 1163 703 1216 faciendum
721 1167 770 1238 est,
783 1165 869 1218 modo
887 1180 939 1234 pro
953 1162 992 1216 fa-

150 1245 311 1313 cultatibus,
329 1261 381 1298 nos
401 1244 457 1314 ipsi
474 1247 507 1297 ut
524 1243 649 1311 fecimus,
665 1248 700 1310 et,
717 1244 741 1295 si
762 1245 876 1312 quando
898 1243 992 1310 aliqua

150 1343 194 1380 res
208 1326 296 1379 maior
310 1330 393 1394 atque
408 1325 506 1378 utilior
518 1324 649 1394 populari
663 1324 812 1393 largitione
827 1324 988 1393 acquiritur,

150 1411 183 1460 nt
198 1407 290 1464 Oresti
307 1421 396 1476 nuper
413 1405 533 1476 prandia
550 1405 581 1456 in
599 1404 707 1457 semitis
726 1404 860 1457 decumae
877 1404 991 1456 nominc

151 1503 254 1557 magno
269 1486 370 1540 honori
381 1485 502 1546 fuerunt.
540 1485 584 1537 Ne
598 1483 636 1539 Μ.
650 1484 764 1552 quidem
780 1483 843 1538 Seio
858 1483 929 1536 vitio
944 1484 993 1537 ‹la-

150 1573 212 1621 tum
228 1571 277 1635 est,
291 1567 369 1634 quod
382 1567 414 1618 in
428 1565 543 1618 caritate
558 1581 617 1618 asse
631 1564 759 1618 modium
772 1566 880 1635 populo
895 1565 991 1618 dedit:

151 1663 254 1718 magna
268 1647 342 1700 anim
355 1663 383 1700 se
396 1651 424 1698 et
436 1645 591 1699 inveterata
601 1645 712 1698 invidia
724 1661 776 1698 nec
787 1645 865 1715 turpi
876 1645 992 1714 iactura,

152 1728 267 1798 quando
285 1733 344 1781 crat
362 1727 470 1794 aedilis,
485 1742 537 1779 nec
554 1725 676 1780 maxima
693 1725 831 1781 liberavit.
869 1727 926 1782 Sed
943 1728 993 1780 ho·
1090 1762 1097 1772 .

152 1809 215 1861 nori
232 1823 341 1860 summo
358 1823 448 1876 nuper
461 1811 558 1859 nost-ro
576 1805 677 1859 Miloni
690 1805 753 1875 fuit,
766 1807 815 1876 qui
830 1807 993 1878 gladiatori-

154 1889 205 1941 bus
229 1887 331 1957 emptis
353 1886 394 1940 rei
418 1885 548 1956 publicae
574 1903 664 1954 causa,
684 1903 755 1955 quae
781 1889 871 1942 saluta
897 1893 993 1942 nostra

152 1968 355 2035 continebatur,
364 1983 459 2018 omnes
470 1967 501 2020 P.
511 1966 603 2020 clodii
617 1973 734 2020 conatus
746 1967 908 2037 furoresque
920 1983 993 2021 com·

152 2047 261 2117 pressit.
299 2047 388 2099 Causa
399 2045 488 2115 igitur
500 2047 658 2115 largitionis
671 2051 720 2114 est,
731 2047 754 2099 si
767 2045 816 2100 aut
828 2065 939 2101 necesse
952 2051 994 2100 est

153 2132 203 2182 aut
214 2127 292 2181 utile.
329 2129 371 2180 59.
391 2127 425 2178 In
437 2126 482 2178 his
494 2131 588 2180 autem
599 2126 669 2196 ipsis
681 2126 884 2180 mediocritatis
896 2129 993 2196 regula

153 2209 261 2278 optima
281 2211 331 2261 est.
376 2207 407 2260 L.
423 2207 538 2276 quidem
559 2207 709 2276 Philippus
730 2208 763 2273 Q.
779 2209 811 2261 F.
826 2223 929 2276 magno
950 2207 994 2258 vir·

152 2287 319 2358 ingeniotin
337 2287 491 2356 primisque
510 2289 601 2341 clarus
622 2287 736 2358 gloriari
756 2288 863 2340 solebat
883 2304 911 2340 sc
933 2287 993 2339 sinc

153 2371 212 2422 ullo
233 2357 348 2439 mimere
373 2370 590 2437 adeptumesse
615 2368 708 2421 omnia
732 2383 802 2436 quac
826 2369 994 2420 haberentur

153 2449 333 2519 amplissima.
369 2448 489 2501 Dicebat
501 2449 577 2502 idean
591 2449 682 2516 Cotta,
693 2447 785 2500 Curio.
822 2448 912 2501 Nobis
926 2464 994 2516 quo-

154 2545 209 2598 que
228 2529 296 2582 licet
314 2529 345 2580 in
364 2529 420 2581 hoc
440 2530 565 2597 quodam
583 2529 669 2582 modo
691 2528 814 2598 gloriari.
850 2529 924 2582 Nam
942 2545 994 2599 pro

154 2609 341 2679 amplitudine
360 2609 506 2678 honorum,
522 2627 593 2679 quos
612 2610 722 2662 cunctis
739 2609 879 2680 suffragiis
898 2610 995 2680 adepti

153 2705 250 2744 sumus
276 2695 374 2744 nostro
401 2691 517 2759 quidem
544 2706 626 2758 anno,
645 2690 724 2757 quod
751 2691 873 2762 contigit
900 2707 995 2744 eorum

153 2770 268 2840 nemini,
281 2787 353 2839 quos
371 2771 457 2824 modo
476 2765 628 2836 nominavi,
644 2786 708 2822 sane
729 2770 848 2841 exiguus
867 2777 995 2841 sumptus

154 2850 308 2904 aedilitatis
319 2850 381 2904 mit.
418 2852 460 2904 60.
480 2851 573 2919 Atque
588 2849 673 2903 etiam
683 2849 748 2904 illae
762 2849 905 2921 impensae
919 2851 996 2904 meli-

154 2946 223 3000 ores,
233 2931 315 3000 muri,
324 2929 560 2999 navalia-portus,
572 2945 706 2997 aquarum
720 2931 823 2984 ductus
838 2930 994 2996 omniaque,

154 3025 227 3078 quac
252 3011 289 3064 ad
309 3027 391 3062 nsum
411 3010 451 3062 rei
473 3010 604 3078 publicae
627 3010 775 3078 pertinent.
822 3011 995 3076 Quamquam

154 3092 233 3160 quod
252 3106 384 3162 praesens
403 3095 547 3157 tamquam
565 3089 595 3141 in
613 3105 726 3142 uranum
744 3090 828 3142 datur
839 3087 996 3142 ‚iucundius
