2256 3448
148 125 181 170 92
458 117 507 165 DE
525 115 680 167 OFFICIIS

148 205 232 258 etiam
242 219 327 272 qnam
337 205 402 254 ante
410 200 560 253 tribuenda
570 198 729 252 auctoritas.
754 196 989 265 Iisdemquetem·

148 285 264 354 poribus
279 282 435 336 carendum
447 285 490 334 est
504 296 539 334 ne
554 277 779 332 adsentatoribus
791 279 990 346 patefaciamus

148 381 227 417 aures
242 379 294 415 nec
312 361 420 414 adulari
435 377 486 413 nos
505 361 636 427 sinamus,
649 359 680 411 in
695 375 752 428 quo
766 358 828 411 fulli
843 359 926 412 facile
941 367 988 414 est.

148 446 229 496 Tales
248 443 322 495 enim
340 458 391 494 nos
410 458 468 494 esse
486 447 626 510 putamus,
641 444 674 492 ut
691 440 750 492 iure
771 441 933 494 laudemur:
955 458 988 493 ex

148 541 204 592 quo
226 529 378 576 nascuntur
399 521 612 574 innumerabilia
633 527 758 589 peccata,
778 535 844 572 cum¹
864 522 989 574 homines

147 605 239 658 inflati
257 604 437 675 opinionibus
455 603 574 672 turpiter
592 601 745 654 irridentur
766 607 794 654 et
812 602 843 654 iu
862 604 989 655 maximis

148 691 293 740 versantur
305 686 450 739 erroribus.
488 685 544 737 Sed
555 684 624 736 haec
638 683 754 750 quidem
766 683 911 738 hactenus.
949 687 988 736 92.

148 768 224 820 Illud
242 774 336 821 autem
354 767 394 818 sic
413 770 455 817 est
469 764 662 831 iudicandum,
676 763 813 817 maximas
830 764 891 834 geri
906 780 948 816 res
963 771 989 816 et

147 849 265 902 maximi
286 847 373 900 animi
394 847 431 898 ab
450 845 494 912 iis,
510 845 560 913 qui
580 845 770 914 respublicas
790 849 897 914 regant,
914 845 989 912 quod

148 944 243 980 earnm
262 924 469 980 administratio
488 925 622 978 latissime
637 929 733 994 pateat
747 926 785 978 ad
799 925 990 994 plurimosque

148 1008 294 1077 pertineat,
310 1022 367 1058 esse
390 1009 484 1058 autem
505 1006 603 1076 magni
625 1006 712 1060 animi
733 1011 761 1059 et
783 1006 867 1058 fuisse
888 1007 991 1058 multos

53 1147 62 1164 ,
148 1088 234 1140 etiam
251 1086 281 1138 in
296 1085 355 1139 vita
374 1086 472 1153 otiosa,
486 1087 536 1154 qui
555 1092 604 1140 aut
622 1087 825 1156 investigarent
844 1091 893 1138 aut
912 1102 990 1138 oona-

148 1174 244 1220 rentur
258 1181 360 1236 magna
375 1168 514 1234 quaedam
528 1184 642 1235 seseque
658 1184 768 1220 suarum
784 1183 875 1219 rerum
889 1167 991 1219 finibus

149 1249 324 1302 continerent
337 1254 386 1302 aut
399 1248 540 1301 interiecti
551 1248 626 1301 inter
636 1249 822 1318 philosophos
834 1254 863 1300 et
875 1264 928 1316 eos,
942 1247 991 1315 qni

149 1329 363 1400 rempublicam
378 1329 613 1396 administrarent,
627 1330 832 1381 delectarentur
847 1345 876 1380 re
891 1345 940 1380 aua
952 1328 991 1380 sa·

149 1411 260 1480 miliari,
276 1429 332 1465 non
352 1427 413 1463 cam
432 1409 546 1478 quidem
567 1409 643 1461 omni
664 1409 771 1461 ratione
790 1413 991 1478 exaggerantes

149 1509 239 1560 neque
254 1493 436 1546 excludentes
450 1492 486 1543 ab
501 1491 561 1542 eius
576 1506 628 1542 usu
643 1505 707 1542 suos
722 1489 871 1558 potiusque
885 1495 913 1542 et
925 1489 991 1540 ami-

149 1573 190 1625 cis
204 1573 396 1643 impertientes
411 1577 439 1624 et
457 1567 648 1640 reipublicae,
663 1570 686 1622 si
702 1571 816 1638 (quando
828 1585 893 1622 usus
911 1576 989 1622 esset.

149 1654 227 1718 Quae
241 1653 363 1722 primum
378 1653 449 1704 bene
463 1661 545 1720 parta
562 1650 599 1702 sit
615 1652 693 1703 nullo
710 1667 800 1719 neque
817 1650 893 1720 turpi
909 1666 991 1718 quae·

150 1739 195 1785 stu
207 1749 298 1800 neque
311 1733 417 1800 odioso,
428 1737 489 1785 tum
502 1749 587 1800 quam
600 1731 733 1800 plurimis,
747 1731 833 1783 modo
847 1731 950 1800 dignis,
961 1745 990 1782 se

150 1813 248 1864 utilem
266 1813 405 1880 praebeat,
426 1813 529 1865 deinde
548 1817 684 1882 augeatur
701 1811 816 1880 ratione,
834 1812 990 1882 diligentia,

150 1971 256 2025 ralitati
270 1977 299 2025 et
310 1972 509 2026 beneficentiae
524 1979 627 2044 parcnt.
665 1976 741 2026 Haec
756 1975 990 2044 praesc1iptaser-

149 2058 263 2106 vantem
275 2053 342 2107 licet
354 2054 509 2124 magnifice,
520 2055 643 2124 graviter
655 2055 832 2122 animoseque
845 2055 938 2110 vivere
951 2061 991 2108 at-

151 2149 204 2202 que
218 2133 302 2187 etiam
315 2134 486 2204 simpliciter,
498 2135 628 2202 fideliter,
638 2135 712 2190 vitae
726 2135 869 2187 bominum
882 2135 977 2188 amica.

185 2215 304 2270 XXVII.
342 2218 383 2270 93.
401 2216 532 2284 Sequitur
549 2221 581 2268 ut
599 2217 635 2268 de
653 2232 710 2268 una
727 2216 835 2283 reliqua
848 2221 928 2284 parte
942 2216 991 2267 bo-

150 2297 266 2350 nestatis
282 2297 434 2351 dicendum
449 2297 494 2364 ait,
507 2297 537 2349 in
550 2313 605 2365 qua
617 2297 786 2350 verecundia
798 2301 826 2350 et
839 2297 918 2364 quasi
931 2295 991 2364 qui-

151 2377 217 2430 dam
232 2384 346 2432 ornatus
358 2379 440 2446 vitae,
453 2378 638 2448 temperantia
650 2383 679 2430 et
693 2378 832 2432 modestia
845 2378 990 2444 omnisque

151 2459 260 2512 sedatio
274 2459 518 2528 perturbationum
533 2459 619 2511 animi
634 2465 663 2512 et
680 2475 771 2512 rernm
789 2460 891 2512 modus
905 2457 991 2511 cerni-

150 2545 204 2590 tur.
242 2540 305 2590 Hoc
323 2540 385 2591 loco
401 2539 560 2592 continetur
573 2539 613 2607 id,
628 2540 705 2607 quod
723 2539 780 2592 dici
795 2539 894 2592 Latine
910 2540 991 2591 deco

151 2633 213 2668 rum
232 2622 341 2684 potest:
361 2619 466 2672 Graece
484 2619 558 2671 onim
577 2623 677 2689 πρέπον
692 2620 804 2673 dicitur.
842 2619 934 2672 Huius
949 2618 992 2670 vis

151 2713 185 2748 ea
197 2701 246 2763 est,
260 2701 292 2748 ut
305 2699 340 2749 ab
352 2699 471 2752 honesto
484 2715 542 2752 non
555 2705 640 2767 queat
652 2701 780 2770 separari.
819 2701 861 2754 94.
877 2701 950 2753 Nam
963 2703 992 2751 et

152 2778 230 2844 quod
243 2777 325 2830 decet
336 2779 487 2832 honestum
500 2786 542 2833 est
554 2787 583 2833 et
596 2783 673 2848 quod
686 2783 835 2834 honestum
847 2785 890 2834 est
902 2781 990 2833 decet.

152 2858 248 2925 Qualis
267 2863 359 2912 autem
378 2861 537 2914 differentia
553 2862 590 2914 sit
604 2863 715 2915 honesti
731 2867 759 2915 et
774 2862 869 2915 decori
882 2861 993 2914 facilius

151 2939 279 3008 intellegi
294 2955 378 3007 quam
395 2941 539 3010 explanari
556 2947 655 3010 potest.
694 2943 840 3010 Quidquid
858 2948 900 2996 est
918 2942 992 2995 enirn

152 3021 230 3088 quod
244 3021 350 3087 deceat,
363 3020 395 3073 id
410 3027 470 3074 tum
489 3027 613 3090 apparet,
627 3037 690 3074 cum
709 3030 868 3092 antegressa
886 3029 928 3076 est
944 3010 1007 3075 h0-'

130 3151 132 3158 ,
152 3106 251 3155 nestas.
288 3102 388 3169 Itaque
400 3117 457 3153 non
469 3102 560 3153 solnm
576 3101 605 3152 in
620 3101 674 3152 huc
688 3108 768 3170 parte
780 3102 943 3170 honestade,
957 3104 994 3156 de
