2256 3448
151 125 184 171 94
462 123 512 171 DE
530 121 683 172 OFFICIIS

151 207 314 259 indecorum
324 206 473 274 videretur,
484 207 561 275 quod
571 223 618 259 eos
626 206 711 259 fuisse
720 205 809 259 iustos
821 205 992 275 accepimns:

151 294 180 341 at
194 289 282 340 Atreo
301 287 412 340 dicente
427 289 541 356 plausus
559 287 732 340 excitantur:
752 289 795 340 est
812 287 888 340 enim
907 287 992 357 digna

150 383 269 438 persona
284 367 381 422 oratio.
420 368 475 420 Sed
490 373 590 436 pottae
606 367 676 436 quid
691 382 829 436 quemque
844 368 944 420 deceat
959 384 992 420 ex

150 461 268 516 persona
280 447 455 502 iudicabunt.
493 448 584 501 Nobis
597 454 690 500 autem
699 442 847 517 personam
858 447 992 516 imposuit

150 528 211 596 ipsa
223 527 324 581 natura
336 543 439 597 magna
450 544 513 580 cum
523 528 689 581 excellentia
697 527 923 596 praestantiaque
936 527 991 579 ani-

150 609 288 661 mantium
306 608 481 678 reliquarum.
520 611 560 662 98.
577 607 714 674 Quocirca
728 611 828 677 poetae
846 607 876 658 in
891 623 991 676 magna

150 688 284 742 varietate
299 705 479 759 personarum
494 688 578 740 etiam
593 687 702 740 vitiosis
715 687 785 755 quid
800 687 950 740 conveniat
964 695 991 740 et

151 769 222 837 quid
246 771 344 824 deceat
368 771 515 836 videbunt,
538 767 619 821 uobis
644 773 737 820 autem
762 783 826 820 oum
851 784 868 820 a
892 772 991 820 natura

150 851 331 918 constantiae,
353 849 561 917 moderationis,
581 847 789 918 temperantiae,
807 847 991 902 verecundiae

149 937 244 998 partes
262 932 345 984 datae
364 931 421 982 sint
440 945 559 998 cumque
578 927 682 982 eadem
698 933 798 982 natura
816 928 917 980 doceat
934 944 990 979 non

150 1010 299 1078 neglegere
309 1027 390 1078 quem
404 1011 569 1064 admodum
578 1026 629 1062 nos
639 1009 770 1062 adversus
780 1008 907 1062 homines
915 1025 988 1078 geru-

151 1106 220 1156 mus,
234 1089 353 1142 efficitur
367 1097 399 1142 ut
414 1096 442 1144 et
454 1091 535 1158 illud,
549 1091 626 1160 quod
641 1090 678 1142 ad
694 1105 805 1142 omnem
816 1089 990 1142 honestatem

150 1169 280 1238 pertinet,
300 1170 433 1224 decorum
458 1188 542 1240 quam
564 1173 620 1224 late
642 1170 735 1223 fusum
757 1169 793 1222 sit
811 1175 946 1238 appareat
963 1177 991 1222 ct

150 1250 212 1316 hoc,
229 1250 306 1318 quod
327 1255 470 1320 spectatur
490 1251 520 1303 in
541 1268 598 1304 uno
618 1267 729 1320 quoque
749 1265 850 1319 genere
869 1248 989 1302 virtutis.

148 1331 187 1384 Ut
199 1331 273 1384 enim
282 1331 464 1401 pulchritudo
477 1329 600 1400 corporis
613 1334 679 1400 apta
688 1328 894 1398 compositione
906 1345 990 1382 mem-

148 1412 262 1465 brorum
273 1416 367 1468 movet
382 1412 478 1465 oculos
493 1416 521 1464 et
536 1412 659 1464 delectat
673 1410 728 1462 hoc
743 1410 813 1479 ipso,
825 1409 904 1478 quod
917 1409 990 1462 inter

147 1505 175 1540 se
194 1507 290 1542 omnes
308 1495 401 1560 partes
418 1507 483 1544 cum
498 1491 621 1559 quodam
639 1492 734 1559 lepore
749 1488 935 1555 consentiunt,
949 1488 988 1540 sic

147 1569 201 1622 hoc
218 1572 358 1639 decorum,
374 1572 450 1640 quod
466 1573 556 1624 elucet
573 1571 604 1623 in
618 1571 686 1639 vita,
698 1576 792 1624 movet
810 1569 988 1639 approbatio-

146 1666 210 1702 nem
229 1668 332 1719 eorum,
350 1653 518 1721 quibuscum
534 1651 647 1719 vivitur,
667 1651 765 1704 ordine
784 1654 812 1704 et
831 1650 988 1703 constantia

147 1736 175 1780 et
187 1732 378 1784 moderatione
389 1733 530 1786 dictorum
540 1732 665 1785 omnium
675 1738 759 1801 utque
768 1731 913 1786 factorum.
946 1733 986 1785 99.

146 1809 318 1863 Adhibenda
327 1817 368 1864 cst
381 1812 469 1881 igitur
479 1815 617 1882 quaedam
630 1813 786 1867 reverentia
798 1813 931 1866 adversus
940 1812 987 1864 ho·

145 1889 235 1942 mines
249 1895 278 1966 et
293 1891 394 1959 optimi
407 1892 540 1961 cuiusque
553 1898 582 1946 et
596 1893 773 1962 reliquorum.
810 1894 883 1946 Nam
896 1894 988 1961 negle·
1064 1898 1066 1902 '

146 1985 211 2037 gere
224 1969 295 2038 quid
310 1971 345 2023 de
360 1973 518 2042 aequisque
534 1974 636 2027 sentiat
650 1991 707 2026 non
722 1976 812 2026 solum
824 1972 988 2042 adrogantis

145 2055 195 2116 cst,
207 2053 257 2104 aad
267 2051 352 2104 etiam
362 2053 475 2106 omnino
486 2055 623 2108 dissoluti.
660 2055 712 2107 Est
721 2052 815 2107 autcm'
824 2056 900 2122 quod
910 2053 988 2107 diffc-

145 2135 189 2183 rat
201 2131 231 2184 in
244 2132 390 2186 hominum
403 2135 511 2187 ratione
525 2135 656 2188 habenda
670 2135 744 2188 inter
755 2135 891 2188 iustitiam
903 2140 931 2187 et
943 2152 987 2190 ve-

145 2215 315 2268 recundiam.
353 2215 479 2268 Iustitiae
488 2221 582 2285 partes
594 2222 659 2269 sunt
671 2233 728 2269 non
737 2215 841 2268 violare
851 2216 986 2281 homines,

144 2296 327 2350 verecundiae
340 2313 398 2349 non
411 2296 567 2350 offendere:
586 2297 616 2349 in
629 2309 686 2365 quo
698 2295 819 2350 maxime
829 2297 871 2350 vis
883 2297 988 2366 perspi-

144 2373 217 2428 citur
235 2377 337 2431 decori.
376 2377 430 2430 His
447 2377 536 2446 igitur
552 2377 687 2446 expositis
703 2378 785 2446 quale
803 2376 840 2430 sit
857 2377 897 2444 id,
911 2377 987 2444 quod

144 2455 242 2508 decere
256 2458 383 2524 dicimus,
396 2457 570 2510 intellectum
582 2463 660 2526 puto.

180 2537 239 2589 100.
260 2537 390 2589 Officium
406 2543 507 2605 autem,
521 2539 600 2604 quod
612 2539 648 2590 ab
663 2555 696 2590 eo
712 2537 833 2605 ducitur,
843 2537 917 2590 hanc
931 2536 987 2606 pri·

143 2629 220 2665 mum
232 2615 317 2667 habct
329 2616 412 2684 viam,
423 2634 494 2685 quae
507 2618 624 2670 deducit
636 2618 673 2670 ad
687 2617 910 2671 convenientiam
923 2633 987 2668 con·

144 2693 386 2762 servationemque
400 2703 523 2751 naturae.
562 2698 651 2763 Quam
670 2698 694 2751 si
713 2715 859 2767 sequemur
878 2697 986 2764 ducem,

143 2789 296 2841 numquam
311 2777 502 2829 aberrabimus
517 2793 720 2846 sequemurque
735 2785 763 2831 et
777 2779 817 2843 id,
831 2779 909 2846 quod
925 2793 987 2830 acu·

143 2857 204 2905 tum
219 2858 247 2906 et
262 2855 409 2923 perspicax
424 2861 524 2909 natura
543 2864 592 2926 est,
603 2863 631 2911 et
645 2859 685 2924 id,
696 2859 773 2926 quod
788 2859 826 2911 ud
840 2857 987 2910 hominum

142 2935 380 2988 consociationem
393 2939 643 3006 accommodatum,
655 2944 683 2991 et
696 2940 735 3007 id,
746 2941 825 3007 quod
838 2939 987 2992 vehemens

142 3020 226 3083 atque
236 3015 314 3069 forte.
348 3016 403 3068 Sed
416 3017 538 3070 maxima
547 3019 590 3071 vis
603 3020 698 3071 decori
710 3020 740 3072 in
753 3021 806 3072 hec
815 3020 985 3088 inestparte,

142 3093 178 3144 de
191 3111 247 3162 qua
260 3096 446 3166 disputamus,
483 3098 583 3165 Neque
598 3099 674 3152 enim
687 3102 778 3154 solum
792 3100 926 3170 eorporis,
937 3099 987 3169 qui
