2256 3448
183 126 231 174 126
493 123 543 172 DE
561 121 714 171 currens

182 222 236 273 que
244 205 353 260 vexatis
363 220 395 256 ne
405 203 523 273 perditis
533 203 634 256 exteris
644 203 806 256 nationibus
815 203 854 256 ad
863 205 1028 274 exemplum

181 284 275 338 amissi
287 283 399 352 imperii
411 283 517 352 portari
529 283 558 335 in
571 283 716 352 triumpho
731 283 887 336 Massiliam
900 285 1028 338 vidimus

181 369 209 416 ot
221 381 256 416 ex
269 380 301 416 ca
313 363 381 415 urbe
393 363 569 432 triumphari,
578 363 637 415 sina
650 379 705 431 qua
714 379 867 431 numquam
877 365 968 417 nostri
977 365 1028 416 im-

180 449 322 514 peratores
335 460 370 496 ex
382 443 574 512 Transalpinis
587 443 667 496 bellis
678 443 897 512 triumpharunt.
934 446 1028 498 Multa

180 529 324 594 praeterea
339 539 583 576 commemorarem
597 522 704 576 nefaria
714 523 745 575 in
757 523 855 591 sociata,
866 523 891 576 si
900 524 956 577 hoc
968 541 1027 578 uno

180 605 337 674 quidquam
355 606 398 658 sol
412 604 530 665 vidisset
544 603 699 674 indignius.
736 605 800 657 Iure
818 604 909 673 igitur
926 606 1027 674 plecti-

180 701 249 740 mur.
287 685 351 739 Nisi
369 684 443 738 enim
462 686 614 738 multorum
632 684 773 754 impunita
793 687 898 738 scelera
917 687 1027 740 tulisse-

180 781 250 832 mus,
266 781 419 833 numquam
439 765 476 817 ad
496 780 583 816 unum
601 769 681 817 tanta
701 765 875 834 pervenisset
896 765 1026 820 licentia:

180 861 196 897 a
216 863 272 913 quo
292 846 408 913 quidem
427 845 467 898 rei
484 843 629 897 faniilian's
649 845 686 898 ad
704 861 817 914 pancos,
833 845 1027 915 cupiditatum

180 926 218 976 ad
239 927 343 978 multos
366 925 509 994 improbos
528 926 606 978 venit
626 926 774 980 hereditas.
812 929 856 980 29.
876 925 937 980 Neo
957 944 1026 980 vero

180 1020 312 1072 umquam
336 1005 474 1057 bellorum
499 1005 624 1059 civilium
649 1021 742 1058 semen
764 1010 792 1058 et
816 1021 901 1060 causa
925 1007 1026 1074 deerit,

180 1085 248 1135 dum
267 1083 393 1136 homines
411 1085 518 1154 perditi
534 1087 644 1138 hastam
661 1085 740 1139 illam
758 1091 901 1139 cruentam
921 1091 949 1139 et
968 1104 1025 1140 me-

179 1163 312 1216 minerint
332 1169 361 1218 ct
380 1167 541 1234 sperabunt,
557 1182 641 1234 quam
659 1167 691 1220 P.
706 1167 784 1220 Sulla
803 1183 867 1219 cum
885 1167 1026 1220 vibrasset

180 1244 319 1298 dictatore
339 1245 500 1314 propinquo
519 1262 577 1313 suo,
592 1246 670 1298 idem
690 1251 770 1299 sexto
788 1245 929 1299 tricesimo
950 1264 1026 1300 anno

179 1330 244 1394 post
258 1342 275 1378 a
290 1326 465 1379 sceleratiore
478 1327 558 1378 hasta
570 1342 628 1378 non
640 1327 761 1395 recessit,
775 1329 960 1394 altmontem,
974 1328 1026 1396 qui

178 1405 208 1457 in
221 1407 271 1459 illa
285 1407 426 1460 dictatura
441 1407 531 1459 scriba
543 1406 641 1473 fuerat,
654 1407 685 1458 in
697 1408 751 1460 hac
762 1407 818 1460 fuit
833 1413 966 1475 quaestor·
980 1425 1025 1460 ur-

179 1486 276 1540 banus.
313 1491 356 1538 Ex
376 1502 432 1554 quo
451 1487 536 1539 debet
549 1486 677 1556 intellegi
693 1487 798 1540 talibus
812 1488 943 1556 praemiis
960 1505 1025 1558 pro

178 1567 279 1634 positis
299 1583 451 1635 numquam
471 1566 601 1619 defutura
619 1567 693 1620 bella
714 1567 816 1621 civilia.
853 1569 954 1636 Itaque
975 1581 1024 1639 pa-

179 1646 261 1700 rietes
275 1648 360 1700 modo
375 1647 452 1700 urbis
470 1651 545 1700 stant
563 1651 591 1700 et
606 1651 728 1714 manent,
741 1647 819 1716 iique
833 1648 889 1718 ipsi
903 1649 961 1702 iam
976 1665 1025 1702 ex-

178 1733 266 1780 trema
286 1730 389 1782 scelera
407 1732 570 1794 metuentes
587 1743 645 1780 rem
663 1745 729 1782 vero
749 1729 892 1797 publicam
909 1731 1025 1799 penitus

172 1807 328 1862 amisimus.
365 1809 459 1877 Atque
477 1809 508 1860 in
525 1809 576 1862 has
594 1809 688 1861 clades
705 1809 1025 1864 incidimus—redeun-

179 1885 247 1938 dum
266 1893 307 1939 est
325 1876 400 1941 enim
415 1889 452 1942 ad
466 1889 748 1958 propositum-dum
762 1890 850 1943 metui
865 1907 950 1959 quam
966 1891 1025 1944 cari

178 1981 237 2019 csse
256 1972 285 2020 et
299 1967 383 2038 diligi
397 1971 543 2024 malumus,
581 1970 658 2036 Quae
675 1969 699 2022 si
713 1971 819 2039 populo
834 1973 963 2024 Romano
981 1973 1024 2024 iu-

178 2046 251 2100 iuste
260 2047 410 2119 imperanti
423 2049 549 2103 accidere
558 2055 717 2120 potuerunt,
727 2051 796 2118 quid
807 2051 912 2104 debent
922 2057 1024 2121 putare

178 2128 301 2198 singulil
330 2130 414 2196 Quod
427 2146 490 2182 cum
502 2130 680 2200 perspicuum
694 2131 730 2182 sit
740 2132 952 2185 benevolentiae
962 2133 1022 2185 vim

178 2226 236 2262 esse
254 2227 392 2280 magnam,
410 2216 501 2263 metus
521 2211 699 2278 imbecillam,
715 2211 840 2280 sequitur
856 2217 890 2264 ut
905 2213 1022 2266 dissera-

177 2306 240 2344 mus
259 2292 361 2360 quibus
378 2291 461 2343 rebus
479 2289 611 2344 facillime
629 2291 768 2360 possimus
788 2308 848 2344 eam
860 2309 953 2360 ¹quarn
972 2310 1022 2346 vo-

177 2373 269 2425 lumus
281 2372 400 2442 adipisci
413 2387 477 2424 oum
489 2371 594 2424 honore
608 2377 636 2424 et
647 2371 703 2424 fide
715 2372 866 2425 caritatem.
902 2376 943 2426 30.
964 2374 1022 2426 Sed

177 2467 210 2504 ea
227 2469 283 2504 non
298 2453 401 2522 pariter
419 2467 515 2503 omnes
533 2467 654 2520 egemus.
691 2451 764 2504 Nam
779 2451 815 2504 ad
831 2451 965 2520 cuiusque
980 2454 1021 2506 vi·

176 2533 235 2582 tam
249 2531 408 2584 institutam
424 2531 693 2583 accommodandum
711 2535 753 2584 est
769 2545 786 2583 a
801 2531 931 2592 multisne
947 2547 1021 2602 opus

177 2608 214 2660 sit
229 2625 265 2660 an
280 2611 347 2663 satis
362 2611 398 2663 sit
413 2627 430 2662 a
444 2609 541 2679 paucis
556 2610 648 2679 diligi.
686 2611 800 2682 Certum
812 2611 901 2680 igitur
911 2613 966 2664 hoc
982 2613 1020 2665 sit

176 2687 263 2756 idque
285 2693 313 2740 ot
331 2691 453 2758 primum
474 2695 503 2742 et
524 2689 644 2742 maxime
666 2691 858 2758 necessarium,
876 2691 1019 2746 firmiliari·

176 2771 247 2819 tates
264 2768 365 2821 habere
383 2770 454 2823 fidas
472 2770 625 2822 amantium
640 2787 691 2823 nos
709 2771 862 2824 amicorum
880 2779 909 2826 et
923 2780 1019 2827 nostra

176 2848 353 2902 mirantium:
377 2851 445 2903 haee
468 2851 543 2903 enim
564 2856 606 2903 est
626 2867 683 2904 una
706 2869 749 2904 res
770 2869 890 2922 prorsus,
907 2859 940 2907 ut
960 2872 1017 2908 non

127 2967 131 2972 -
176 2931 295 2983 multum
310 2928 419 2983 differat
433 2930 507 2983 inter
525 2947 646 2984 summos
664 2937 693 2984 et
707 2933 861 2986 mediocres
875 2934 958 3002 viros,
973 2952 1017 2988 ea-

176 3029 230 3080 que
246 3008 371 3077 utrisque
390 3014 432 3062 est
445 3011 649 3078 propemodum
668 3014 863 3081 comparanda.
901 3016 943 3068 31.
960 3017 1016 3068 Ηο-

175 3106 242 3141 nore
265 3093 294 3140 et
315 3087 405 3156 gloria
428 3093 457 3139 et
477 3088 672 3142 benevolentia
695 3091 800 3144 civium
820 3092 937 3146 fortasse
960 3111 1015 3147 nou
