2272 3442
299 157 389 206 CATO
407 156 540 205 MAJOR.
574 156 650 204 eAP.
668 156 730 204 XX.
749 157 829 205 XXI.
956 160 987 205 25

142 239 191 293 bns
202 239 258 294 suis
270 238 414 293 obstruere
426 238 579 304 voluerunt,
598 254 652 290 non
670 253 749 290 avum
767 241 845 291 tuum
864 237 895 291 L.
908 237 987 292 Paul·

140 317 195 369 lum
209 316 256 384 qui
267 318 356 368 morte
367 315 418 368 luit
430 314 548 380 collegae
559 313 588 366 in
601 313 735 366 Cannensi
747 313 894 380 ignominia
905 317 989 368 teme

139 393 259 457 ritatem,
271 407 325 442 non
338 390 376 442 M.
389 388 550 443 Marcellum
566 388 644 457 cujus
658 388 800 442 interitum
812 406 847 442 ne
859 389 988 444 crudelis-

140 466 224 519 simus
243 465 354 533 quidem
374 465 460 518 hostis
480 464 582 517 honore
602 464 759 532 sepulturae
778 481 871 518 carere
892 482 988 533 passus

139 545 189 607 est,
203 541 251 594 sed
264 541 385 608 legiones
401 545 515 606 nostras,
530 539 604 608 quod
616 540 710 608 scripsi
728 540 756 592 in
775 540 941 608 Originibus,
959 541 987 594 in

138 633 201 668 eum
213 632 295 685 saepe
307 616 395 670 locum
407 616 542 684 profectas
554 615 636 668 alacri
653 615 742 668 animo
755 619 785 669 et
797 620 897 684 erecto,
913 618 987 670 unde

138 707 168 745 se
179 709 318 760 nunquam
329 692 467 745 redituras
479 689 685 744 arbitrarentur.
723 691 803 754 Quod
818 693 904 760 igitur
922 692 987 744 ade

138 768 271 821 lescentes
295 772 324 820 et
346 769 365 820 ii
385 767 496 836 quidem
520 783 574 818 non
598 767 685 818 solum
709 767 811 820 indocti
833 768 986 821 sedetiam

137 844 232 898 rustici
255 847 439 911 contemnunt,
459 843 488 896 id
505 842 579 896 docti
603 859 681 896 senes
702 842 900 897 extimescentl
944 847 984 900 76.

90 972 93 978 ,
138 918 260 987 Omnino,
282 924 314 972 ut
333 919 398 972 mibi
419 919 531 988 quidem
553 917 670 982 videtur,
692 919 844 971 studiorum
865 919 985 972 emnium

137 995 250 1049 satietas
270 996 343 1048 vitae
363 996 428 1048 facit
453 995 617 1048 satietatem.
660 995 730 1048 Sunt
743 995 885 1064 ¹pueritiae
910 998 986 1048 certa

136 1071 244 1125 studia:
262 1088 328 1123 num
345 1072 429 1138 igitur
448 1087 480 1124 ea
498 1070 657 1124 desiderant
674 1070 879 1124 adolescentes?
916 1071 986 1124 Sunt

136 1146 255 1200 ineuntis
274 1146 487 1200 adolescentiae:
506 1163 571 1198 num
592 1163 625 1198 ea
645 1149 771 1199 constans
787 1145 847 1214 jam
862 1147 986 1217 ¹requirit

136 1226 213 1274 aetas
231 1238 301 1290 quae
319 1221 411 1274 media
428 1221 547 1274 dicitur?
583 1221 652 1275 Sunt
670 1221 753 1274 etiam
771 1221 852 1290 hujus
870 1221 985 1276 aetatis:

136 1313 172 1349 ne
190 1312 223 1349 ea
240 1295 353 1364 quidem
366 1300 536 1364 quaeruntur
547 1295 575 1348 in
588 1300 736 1350 senectuto.
772 1298 842 1350 Sunt
860 1300 985 1350 extrema

136 1370 271 1439 quaedam
290 1370 380 1423 studia
398 1371 562 1423 senectutis:
587 1387 653 1438 ergo
671 1375 703 1423 ut
721 1373 891 1438 superiorum
909 1376 985 1425 acta-

136 1451 197 1499 tum
226 1445 318 1498 studia
344 1445 479 1511 occidunt,
504 1445 542 1497 sie
567 1446 693 1498 occidunt
719 1447 801 1499 etiam
828 1448 985 1501 senectutis.

137 1521 217 1587 Quod
229 1537 313 1589 quum
325 1520 424 1588 evenit,
436 1519 549 1574 satietas
560 1521 633 1575 vitae
645 1525 753 1590 tempus
764 1525 903 1575 maturum
913 1539 985 1576 mer-

137 1599 173 1650 tis
186 1597 273 1650 affert.
722 1641 724 1647 ,
800 1641 802 1645 .

188 1672 267 1725 XXI.
294 1675 334 1730 77.
353 1671 489 1740 Equidem
501 1690 554 1726 nen
566 1673 645 1726 video
657 1689 705 1727 eur
717 1674 785 1742 quid
796 1674 855 1740 ipse
867 1674 984 1728 sentiam

136 1748 172 1802 de
183 1751 272 1802 morte
284 1765 338 1800 non
350 1749 466 1801 audeam
479 1749 555 1801 vobis
568 1749 667 1816 dicore,
680 1750 755 1818 quod
765 1767 797 1802 co
809 1750 906 1802 melius
918 1748 984 1802 mibi

136 1840 247 1878 cernere
263 1823 425 1890 videorque
439 1823 474 1876 ab
490 1841 523 1876 ea
538 1825 650 1893 propius
665 1825 768 1878 absum.
804 1826 862 1893 Ege
879 1829 984 1878 vestros

136 1902 237 1966 patres,
251 1899 281 1952 P.
293 1898 389 1966 Scipi0‚
402 1903 488 1967 tuque
505 1900 533 1952 O.
547 1900 631 1966 Laeli,
643 1901 715 1954 viros
727 1901 889 1954 clarissimos
905 1900 984 1954 mihi-

136 1991 190 2042 que
208 1974 384 2028 amieissimes
402 1975 494 2028 vivere
513 1975 639 2041 arbitror,
658 1980 687 2030 ct
699 1993 759 2029 eam
772 1976 883 2044 quidem
899 1977 984 2029 vitam

136 2066 207 2116 quae
219 2053 262 2102 est
274 2049 331 2102 sela
342 2049 399 2102 vita
411 2050 580 2103 nominanda.
619 2052 689 2105 Nam
703 2052 768 2105 dum
787 2069 878 2105 sumus
896 2052 924 2104 in
941 2051 984 2104 his

135 2123 232 2177 inclusi
244 2125 420 2193 compagibus
432 2127 560 2193 corperis,
578 2143 691 2180 munere
709 2127 827 2195 quodam
838 2127 984 2180 necessita-

136 2200 173 2252 tis
186 2205 215 2252 et
226 2200 303 2266 gravi
315 2215 397 2267 opere
409 2199 604 2268 perfungimur.
622 2203 673 2256 Est
682 2203 755 2256 enim
767 2203 873 2255 animus
884 2202 984 2255 caeles-

135 2275 173 2328 tis
192 2291 226 2327 ex
244 2273 375 2326 altissime
391 2273 526 2326 domicilio
542 2275 688 2343 depressus
706 2281 735 2330 ct
753 2278 830 2344 quasi
842 2278 984 2330 demersus

136 2350 164 2401 in
176 2353 287 2414 terram,
299 2348 388 2400 locum
400 2347 508 2402 divinae
520 2354 632 2403 naturae
649 2351 861 2419 aeternitatique
878 2355 941 2404 cont
972 2384 984 2394 -

136 2426 215 2478 rium.
251 2424 306 2478 Sed
323 2424 406 2494 crede
422 2424 488 2477 deos
502 2425 669 2479 immortales
685 2426 816 2494 sparsisse
834 2426 938 2479 animos
955 2427 983 2480 in

136 2517 251 2569 corpora
263 2500 381 2554 humana
392 2503 425 2554 ut
437 2505 529 2556 essent
542 2502 589 2570 qui
605 2505 694 2556 terras
713 2505 863 2567 tuerentur,
882 2503 984 2572 quique

136 2575 293 2630 caelestium
321 2576 445 2630 ordinem
472 2578 689 2646 contemplantes
717 2576 891 2632 imitarentur
920 2595 983 2632 eum

136 2653 209 2706 vitae
225 2652 305 2705 medo
324 2655 408 2720 atque
423 2653 582 2707 constantia.
619 2654 645 2707 N
647 2671 678 2708 ee
696 2671 740 2707 me
759 2653 846 2707 solum
863 2655 934 2708 ratio
951 2671 983 2708 ae

137 2727 286 2796 disputatio
304 2727 414 2796 impulit
424 2731 457 2781 ut
469 2728 509 2781 ita
519 2730 668 2796 crederem,
687 2729 735 2783 sed
753 2729 882 2783 nobilitas
899 2730 983 2784 etiam

135 2819 302 2857 summorum
323 2803 543 2872 philosophorum
563 2810 592 2858 et
616 2805 770 2860 aucteritas.
816 2809 855 2863 78.
879 2805 982 2858 Audie-

135 2879 199 2933 bam
221 2879 403 2949 Pythagoram
426 2879 674 2950 Pythagoreesque,
696 2882 796 2935 incolas
816 2899 902 2950 paene
921 2897 982 2934 nes-

135 2959 201 3022 tros,
223 2955 380 3024 quiessent
402 2955 491 3008 Italici
512 2955 665 3025 philosophi
684 2957 822 3026 quondam
842 2957 981 3023 nominati,

137 3047 274 3098 nunqnam
286 3031 426 3084 dubitasse
439 3032 505 3098 quin
523 3048 558 3085 ex
569 3033 696 3086 universa
708 3037 801 3087 mente
813 3033 905 3086 divina
914 3032 982 3084 deli·

137 3106 215 3160 batos
231 3108 334 3161 animos
344 3107 515 3161 haberemus.
552 3108 815 3162 Demonstrabantur
825 3108 892 3161 mihi
904 3123 981 3174 prae·

136 3189 213 3236 tcrea
225 3197 295 3244 quae
307 3183 431 3238 Socrates
444 3200 570 3250 supremo
588 3185 660 3239 vitae
672 3185 716 3239 die
728 3185 764 3239 de
775 3183 981 3236 immortalitate
