2272 3442
142 133 170 180 14
256 151 258 155 ’
365 129 404 177 Μ.
422 128 550 176 TULLII
570 127 760 177 CICERONIS

140 209 205 260 dnm
229 209 268 261 ita
291 206 430 274 gauderet,
452 207 517 258 nihil
536 207 641 274 agitare
663 212 763 277 mente,
785 210 851 264 nihil
875 210 988 276 ratione,

140 281 206 334 nihil
227 282 390 352 cogitatione
411 284 540 345 consequi
557 288 657 350 posset.
693 284 825 348 Quocirca
842 285 911 339 nihil
929 301 988 336 esse

142 358 199 405 tam
212 352 376 406 detestabile
388 356 499 420 tamque
511 354 670 421 pestiferum
680 371 760 422 quam
770 353 938 420 voluptatem
948 371 954 415 ;
965 353 988 404 si

60 496 62 500 Ι
142 427 309 494 quidemea,
325 445 409 497 quum
425 428 512 496 major
529 433 603 482 esset
619 433 701 497 atque
717 429 895 497 longinquior,
910 443 990 500 omne

142 503 224 556 animi
241 504 333 557 lumen
348 505 558 572 exstingueret.''
595 505 672 558 Haec
684 522 745 559 eum
760 505 789 558 O.
803 505 901 557 Pontio
914 503 990 556 Sam-

33 637 36 642 1
142 575 207 638 6116,
227 578 306 641 patre
325 579 385 641 ejus
404 593 421 626 a
439 591 493 643 quo
513 567 635 630 Caudino
652 576 755 644 praelio
774 577 819 645 Sp.
833 577 990 630 Postumius

143 650 171 702 Τ.
184 650 316 703 Veturius
334 650 457 704 eonsules
475 652 596 719 superati
615 655 685 718 sunt,
703 651 824 706 locutum
839 652 989 718 Archytam

143 725 284 778 Nearchus
308 726 477 793 Tarentinus,
501 727 600 796 hospes
623 731 722 790 noster,
748 727 794 794 qui
819 727 845 778 in
871 726 990 790 amicitia
1067 783 1069 787 ,

142 801 235 870 populi
248 801 363 854 Romani
375 805 569 868 permanserat,
587 819 616 854 se
634 818 651 854 a
668 800 817 869 majoribus
831 805 899 853 natu
916 817 990 852 acee-

142 876 215 943 pisse
239 876 356 942 dicebat,
386 893 469 944 quum
494 875 605 944 quidem
629 877 654 929 ei
679 877 796 930 sermoni
821 876 990 929 interfuisset

144 952 223 1004 Plato
239 952 422 1015 Atheniensis,
441 969 522 1020 quem
535 952 684 1005 Tarentum
701 953 808 1006 venisse
827 953 856 1005 L.
877 951 990 1004 Camillo

144 1028 235 1095 Appio
253 1027 367 1081 Claudio
385 1027 539 1080 consulibus
557 1029 671 1096 reperio.
708 1033 748 1081 42.
768 1029 889 1092 Quorsus
905 1027 989 1080 haeci

143 1101 185 1156 Ut
196 1102 364 1171 intelligatis,
377 1103 400 1155 si
412 1101 580 1171 voluptatem
592 1105 730 1172 aspernari
748 1103 855 1158 ratione
873 1106 901 1156 et
919 1103 989 1170 sapi-

143 1179 219 1232 entia
234 1196 286 1231 non
300 1195 448 1247 possemus,
461 1195 588 1246 magnam
604 1179 757 1232 habendam
777 1178 911 1233 senectuti
929 1193 990 1244 gra-

143 1253 218 1321 tiam,
236 1271 306 1321 quae
324 1253 445 1307 effecerit
461 1257 493 1307 ut
511 1253 540 1306 id
552 1272 605 1306 non
617 1254 717 1309 liberet
730 1255 803 1323 quod
816 1272 870 1308 non
883 1256 989 1322 oporte-

75 1367 78 1372 ,
143 1333 196 1382 ret.
233 1327 354 1398 impedit
371 1329 443 1382 enim
461 1331 601 1384 eonsilium
614 1331 754 1400 veluptas3
771 1332 870 1386 rationi
883 1329 990 1384 inimica

144 1409 187 1458 cst
207 1421 239 1458 ae
259 1405 366 1472 mentis,
388 1408 420 1458 ut
443 1405 483 1459 ita
506 1407 602 1474 diram,
623 1407 801 1475 praestringit
825 1406 922 1470 oeulos,
940 1420 990 1456 nee

140 1479 228 1535 'habet
239 1480 324 1534 ullum
336 1497 397 1534 eum
409 1481 512 1534 virtute
530 1482 726 1536 commercium.
763 1482 869 1535 Invitus
888 1481 940 1534 feci
957 1483 990 1532 ut

144 1556 283 1609 fortissimi
304 1556 356 1609 riri
377 1556 405 1608 T.
426 1555 569 1609 Flaminini
590 1555 704 1609 fratrem
725 1558 753 1610 L.
776 1557 955 1609 Flamininum
974 1571 990 1620 e

145 1630 248 1684 Senatu
267 1629 393 1698 ejicerem
413 1635 519 1698 septem
540 1632 616 1683 armis
635 1635 797 1700 postquam
815 1631 907 1684 consul
925 1629 990 1681 fuis-

137 1709 188 1760 set
198 1727 204 1770 ;
223 1706 271 1761 sed
290 1705 435 1758 notandam
448 1706 543 1773 putavi
560 1705 708 1760 libidinem.
746 1707 797 1759 1116
815 1706 887 1759 enim
905 1721 989 1772 quum

145 1784 218 1834 esset
226 1780 335 1846 consul,
352 1780 380 1832 in
399 1779 487 1833 Gallia
500 1785 627 1833 exoratus
639 1781 667 1833 in
679 1781 799 1834 convivio
812 1798 828 1834 a
840 1783 929 1834 scorto
947 1783 990 1832 est

144 1861 177 1909 ut
194 1856 281 1909 securi
297 1855 393 1908 feriret
410 1855 527 1923 aliquem
545 1873 637 1909 eorum
656 1857 703 1924 qui
722 1857 749 1908 in
767 1855 880 1909 vinculis
899 1858 990 1908 666661

145 1931 267 1984 damnati
291 1930 331 1983 rei
353 1931 484 1998 capitalis.
523 1931 577 1984 Hie
600 1932 662 1984 Tito
687 1932 773 1986 fratrc
798 1949 846 1984 suo
871 1947 990 1997 censore,

145 2006 192 2074 qui
212 2006 352 2073 proximus
369 2009 433 2058 ante
454 2023 498 2060 mc
518 2006 617 2072 fuerat,
636 2007 745 2075 elapsus
762 2011 820 2071 est;
841 2006 908 2058 mihi
926 2022 990 2058 vero

145 2086 174 2135 ct
196 2081 292 2134 Flacco
311 2081 471 2148 neutiquam
489 2081 598 2150 probari
619 2083 710 2150 potuit
731 2086 787 2135 tam
807 2082 942 2150 flagitiosa
962 2085 991 2134 ct

145 2161 201 2209 tam
214 2155 324 2223 perdita
335 2155 421 2208 libido
430 2173 500 2225 quae
512 2174 574 2210 cum
586 2157 686 2225 probro
694 2158 801 2226 privato
813 2156 991 2226 conjungeret

145 2231 253 2299 imperii
265 2231 392 2286 dedecus.
467 2232 475 2250 '

197 2307 282 2361 Xlll.
311 2313 351 2361 43.
378 2307 465 2375 Saepe
484 2307 575 2361 audivi
594 2325 610 2360 a
631 2308 780 2376 majoribus
803 2313 877 2375 natu,
897 2311 992 2376 quise

145 2398 225 2449 porro
237 2400 336 2451 pueros
348 2400 364 2436 a
382 2383 491 2437 senibus
507 2383 617 2437 audisse
629 2383 765 2450 dicebant,
778 2385 871 2437 mirari
883 2384 991 2436 solitum

146 2457 175 2510 O.
186 2458 346 2522 Fabricium,
356 2458 437 2526 qued,
450 2475 534 2526 quum
546 2459 619 2526 apud
631 2475 724 2526 regem
738 2459 872 2526 Pyrrhum
885 2458 992 2524 legatus

146 2536 226 2598 esset,
239 2533 361 2585 audisset
377 2550 393 2585 a
406 2533 534 2586 Thessalo
548 2534 631 2586 Cinea
643 2550 703 2586 esse
721 2533 859 2601 quendam
873 2533 992 2586 Athenis

146 2608 193 2674 qui
215 2624 244 2661 se
265 2608 416 2676 sapientem
439 2609 624 2676 profiteretur,
644 2624 761 2676 eumque
786 2608 877 2661 dicere
901 2609 992 2660 omnia

146 2699 216 2750 quae
228 2682 378 2736 faceremus
391 2683 427 2736 ad
438 2683 607 2752 voluptatem
620 2699 680 2736 6666
692 2683 835 2736 referenda
846 2703 853 2747 ;
871 2683 945 2752 quod
957 2701 992 2736 ex

146 2774 179 2810 66
202 2757 345 2811 audientes
370 2757 415 2811 Μ’.
437 2758 548 2812 Curium
573 2763 602 2812 61
624 2759 652 2811 Τ.
673 2758 871 2812 Coruncanium
896 2762 992 2826 optare

147 2833 239 2886 solitos
251 2836 282 2886 ut
294 2833 324 2885 id
337 2833 505 2888 Samnitibus
522 2833 629 2902 ipsique
648 2834 752 2901 Pyrrho
770 2833 991 2901 persuaderetur,

94 2974 98 2979 Ι
147 2926 201 2977 (166
213 2909 318 2963 facilius
333 2909 403 2962 vinei
420 2913 532 2977 possent
549 2926 633 2977 quum
652 2926 681 2962 se
699 2909 886 2977 voluptatibus
904 2908 993 2963 dedis

147 2989 214 3040 sent.
250 2985 367 3038 Vixerat
385 2985 429 3038 Μ’.
443 2985 540 3038 066166
551 3001 613 3038 eum
627 2985 659 3040 P.
672 2984 756 3038 Decio
774 2984 822 3052 qui
841 2985 993 3053 quinquen-

146 3062 191 3115 nio
214 3065 279 3116 ante
308 3077 371 3115 cum
397 3061 534 3114 consulem
563 3077 594 3114 se
622 3077 672 3130 pm
696 3076 726 3113 re
755 3060 865 3129 publiea
894 3065 993 3131 quarto

146 3139 287 3192 consulatu
305 3137 458 3220 devoverat.
495 3136 583 3190 Norat
607 3136 724 3192 eundem
748 3135 896 3206 Fabricius,
913 3140 993 3203 norat
1024 3193 1027 3199 ,
