2256 3448
146 119 194 168 182
454 114 505 164 DE
520 112 672 166 osricus
708 118 711 124 '
757 127 759 130 ·

145 205 187 256 99.
202 201 249 254 Illi
258 216 324 254 vero
337 200 488 261 nonmodo
498 216 562 252 cum
571 199 708 269 hostibus,
715 213 813 252 verum
825 199 911 254 etiam
920 215 985 256 cum

143 268 283 350 fluctibus,
302 281 334 333 id
354 282 432 348 quod
452 280 527 348 fecit,
547 279 680 336 dimicare
704 279 804 333 melius
824 279 880 334 fuit
901 293 985 350 quam

113 363 116 370 '
144 364 269 416 deserere
288 361 507 414 consentientem
522 360 667 414 Graeciam
685 361 723 414 ad
737 361 843 414 bellum
859 361 986 423 barbaris

143 442 328 496 inferendum.
367 442 424 495 Sed
436 441 596 497 omittamus
606 444 636 494 et
645 439 753 494 fabulas
765 444 793 494 et
803 445 932 498 externa:
948 445 985 498 ad

143 539 202 576 rem
214 521 321 576 factam
338 527 517 590 nostramque
531 520 684 574 veniamus.
721 521 759 572 M.
772 520 879 574 Atilius
892 523 985 592 Regu-

143 605 195 672 lus,
214 619 278 657 cum
298 603 396 656 consul
415 602 517 654 iterum
538 601 568 652 iu
587 600 680 654 Africa
702 617 737 657 cx
756 601 868 654 insidiis
887 608 985 672 captus

143 685 215 740 esset
231 683 304 737 duce
322 682 495 751 Xanthippo,
510 679 740 749 Lacedaemonio,
754 680 921 750 imperatore
939 699 985 736 au-

143 769 201 816 tem
212 767 291 833 patre
302 761 470 816 Hannibalis
482 760 650 829 Hamilcare,
660 759 767 822 iuratus
779 761 879 816 missus
893 767 936 816 eet
948 764 985 816 ad

143 847 279 912 senatum,
289 846 329 910 ut,
342 841 397 894 nisi
411 840 517 896 redditi
534 844 625 893 essent
640 841 742 894 Poenis
757 841 863 910 captivi
877 842 985 906 nobiles

144 922 269 992 quidam,
283 921 386 976 rediret
407 921 468 990 ipse
486 921 699 990 Karthaginem.
735 921 764 974 Is
784 937 848 974 cum
866 923 985 975 Romam

143 1000 416 1070 venissetutilitetis
429 1000 550 1070 speciem
560 1001 685 1070 videbat,
694 1003 744 1054 sed
756 1019 826 1068 eam,
838 1006 870 1056 ut
882 1005 985 1063 reade-

144 1083 241 1152 olarat,
259 1081 358 1152 falsam
379 1080 538 1148 iudicavit:
553 1096 624 1150 quae
645 1085 704 1136 erat
722 1082 802 1137 talis:
822 1099 939 1138 manere
954 1083 985 1136 in

143 1162 249 1233 patria:
268 1179 326 1217 esse
339 1161 438 1216 domui
450 1177 518 1218 suae
531 1178 595 1218 cum
609 1179 703 1230 uxore,
714 1178 778 1216 cum
789 1162 893 1232 liberis,
901 1179 986 1232 quam

144 1243 332 1300 calamitatem
352 1241 506 1312 accepisset
523 1243 553 1296 in
572 1244 656 1312 bello,
669 1252 845 1298 communem
858 1244 986 1304 fortunae

144 1325 261 1379 bellicae
280 1323 456 1382 iudicantem
474 1327 568 1398 tenere
586 1323 739 1376 consularis
755 1322 906 1392 diguitatis
924 1340 986 1400 gra-

49 1462 52 1468 ,
145 1407 221 1460 dum.
258 1405 327 1471 Quis
347 1405 418 1458 haec
439 1407 525 1474 negat
543 1403 722 1462 esseutiliai
760 1403 849 1470 Quem
870 1405 985 1459 censeat

144 1485 313 1555 Magnitudo
326 1485 414 1540 animi
424 1489 452 1538 et
464 1485 605 1541 fortitudo.
614 1489 707 1554 negat.
786 1495 788 1500 ·
849 1535 851 1539 .

179 1567 297 1622 XXVII.
336 1567 395 1620 100.
415 1567 491 1619 Num
505 1565 700 1635 locupletiores
715 1564 824 1634 quaeris
840 1567 985 1620 auctorest

144 1648 251 1700 Harum
263 1645 338 1700 enim
350 1649 393 1698 est
407 1645 545 1698 virtutum
557 1645 702 1715 proprium
710 1645 787 1704 'nihil
798 1645 986 1713 extimescere,

143 1727 239 1780 omnia
253 1728 376 1780 humana
391 1726 541 1796 despicere,
554 1727 627 1780 nihil
642 1727 719 1794 quod
733 1725 844 1780 homini
861 1727 986 1780 accidere

143 1807 233 1878 possit
246 1806 454 1878 intolerandum
465 1811 571 1875 putare.
608 1807 708 1874 ltaque
721 1806 791 1875 quid
800 1805 886 1861 fecit?
905 1807 934 1859 ln
947 1823 986 1860 se

143 1891 242 1942 natum
254 1885 341 1954 venit,
355 1885 489 1940 mandata
503 1887 642 1956 exposuit,
652 1886 819 1940 sententiam
833 1903 869 1940 ne
881 1887 990 1944 diceret.

144 1965 290 2036 recusarit,
306 1981 391 2034 quam
409 1965 460 2018 diu
479 1965 539 2021 iure
557 1966 678 2022 iurando
697 1966 986 2036 hostiumteneretur,

143 2065 202 2102 non
214 2063 315 2102 essese
329 2047 510 2101 senatorem.”
546 2047 640 2114 Atque
651 2047 725 2100 illud
734 2047 907 2100 etiam—“O
920 2049 992 2100 stul·

144 2135 205 2184 tum
229 2128 395 2184 hominem‘’
416 2127 521 2182 dixerit
546 2127 686 2196 quispiam
708 2129 760 2180 “et
784 2133 987 2198 repugnantem

144 2209 264 2264 utilitati
286 2207 517 2263 suae1‘’-reddi
537 2207 673 2276 captivos,
687 2207 803 2277 negavit
822 2223 880 2262 esse
901 2209 986 2264 utile:

145 2291 233 2344 “illos
251 2289 326 2344 enim
345 2289 534 2343 adolescentes
552 2305 610 2342 esse
628 2292 657 2342 et
671 2288 869 2357 bonosduces,
882 2305 911 2344 se
929 2289 987 2343 iam

145 2371 305 2432 confectum
326 2370 493 2424 senectute.”
530 2369 617 2423 Cuius
635 2385 700 2422 cum
717 2368 852 2425 valuisset
869 2369 987 2422 auctori·

145 2454 197 2519 tas,
205 2450 313 2521 captivi
321 2449 423 2504 retenti
435 2453 508 2517 e'unt,
515 2449 575 2519 ipre
584 2448 789 2518 Karthaginem
801 2448 887 2502 rediit
897 2466 987 2517 neque

145 2545 209 2584 eum
224 2530 325 2584 caritas
337 2529 444 2599 patriae
458 2529 573 2584 retinuit
585 2545 637 2582 nec
651 2545 772 2584 suorum.
809 2529 909 2597 Neque
921 2545 987 2588 vero

145 2613 206 2660 tum
220 2609 370 2679 ignorabat
385 2627 413 2666 se
432 2609 470 2662 ad
484 2609 708 2666 crudelissimum
722 2610 831 2664 hostem
846 2613 875 2662 et
890 2609 927 2662 ad
941 2625 987 2662 ex-

146 2687 251 2756 quisita
269 2689 409 2758 supplicia
423 2689 570 2759 proficisci,
584 2691 634 2744 sed
648 2689 692 2742 ius
710 2689 862 2746 iurandum
880 2705 987 2742 conser-

145 2769 270 2822 vandum
281 2769 408 2837 putabat.
444 2770 545 2838 Itaque
557 2773 625 2840 tum,
634 2785 697 2824 cum
709 2768 858 2838 vigilando
870 2770 987 2822 necaba-

145 2853 199 2916 tur,
208 2852 267 2900 erat
276 2847 306 2901 in
318 2847 432 2902 meliore
444 2865 527 2902 causa
536 2865 621 2917 quam
633 2849 657 2902 si
667 2849 745 2902 domi
757 2865 841 2903 senex
851 2849 987 2918 captivus,

145 2928 273 2996 periurus
291 2928 443 2980 consularis
461 2929 642 2984 remansisset.
681 2931 739 2983 101.
755 2929 817 2982 “At
831 2931 925 2999 stulte,
939 2929 988 2998 qui

146 3024 204 3060 non
219 3007 305 3060 modo
320 3021 377 3058 non
392 3009 530 3061 censuerit
545 3009 672 3080 captivos
686 3010 878 3080 remittendos,
891 3027 989 3063 verum
1029 3071 1034 3086 .

147 3087 231 3138 ctiam
247 3084 435 3139 dissuaserit.”
472 3086 534 3152 Quo
549 3087 635 3141 modo
650 3091 755 3143 stultei
770 3089 899 3159 etiamne,
910 3090 934 3143 si
949 3090 989 3143 rei
