2256 3448
291 596 337 660 Μ.
355 595 533 659 TULLII
567 587 850 658 CICERONIS

147 693 546 828 olonnensia
581 709 786 818 ιιιιιιιιιιι
821 742 991 818 aaaron

390 890 524 951 LIBER
547 889 741 953 TERTIUS.
820 880 823 884 ⁵

412 1148 717 1199 ARGUMEN'IUM.

178 1247 235 1296 Hoc
248 1247 311 1296 libro
326 1247 363 1296 M.
376 1247 473 1296 Tullius
490 1247 618 1310 prooemio
635 1247 780 1309 praemisso,
794 1247 821 1294 in
836 1263 885 1310 qno
899 1248 930 1296 de
944 1249 988 1297 otii

146 1313 183 1361 sui
202 1314 299 1362 ratione
318 1314 421 1375 exponit
438 1322 463 1361 et
482 1313 562 1360 filium
582 1312 614 1360 ad
635 1312 717 1360 studia
737 1312 842 1360 colenda
862 1313 986 1374 hortatur,

145 1392 197 1440 cap.
213 1381 233 1440 l,
245 1381 269 1438 2,
281 1377 295 1437 ᾖ
312 1381 367 1439 1-6,
379 1387 472 1426 restare
488 1379 524 1426 ait
538 1377 638 1426 tertium
653 1377 804 1440 quaestionis
820 1391 879 1425 suae
893 1377 985 1438 locum,

145 1451 214 1504 praet
204 1444 347 1492 termissum
360 1459 376 1492 a
389 1443 520 1502 Panaetio,
533 1442 565 1490 de
578 1443 737 1490 contentione
752 1441 888 1490 honestatis
903 1445 988 1490 etuti-

144 1507 641 1572 111(113,οιιρ.2,1710,(ιι111οοιιεεῑεί
655 1507 764 1556 dubitari
777 1507 856 1569 possit
870 1522 931 1554 num
946 1507 987 1558 hic

144 1574 289 1622 tractandus
302 1573 487 1633 essetideutur,
499 1582 630 1636 propterea
644 1573 711 1635 quod
729 1573 858 1620 honestum
874 1573 939 1634 quod
954 1574 992 1638 sit,

143 1653 280 1702 numquam
293 1655 349 1686 cnm
362 1639 418 1687 utili
429 1653 539 1701 pugnare
551 1653 622 1700 posse
633 1637 840 1686 videatur—nihil
853 1637 921 1685 enim
933 1653 993 1697 esse.

145 1705 205 1752 utile
215 1704 281 1766 quod
292 1719 342 1752 non
354 1703 420 1752 idem
433 1704 679 1752 honestum-tamen
689 1717 807 1766 apparere
817 1702 878 1752 dicit
887 1689 985 1751 l'ana'e'-
987 1722 991 1730 ·

143 1769 207 1816 tium
224 1783 281 1817 eam
297 1784 399 1822 cansam
419 1776 571 1831 pertractare
588 1768 702 1828 voluisse,
716 1783 769 1830 cap.
786 1770 819 1817 3
820 1771 844 1828 7
859 1767 873 1827 §
894 1771 920 1816 ll
924 1768 983 1817 -34-
979 1793 996 1807 v

143 1835 178 1882 Et
190 1849 247 1882 cum
259 1849 318 1882 sane
332 1834 457 1882 interdum
468 1834 552 1896 aliqua
566 1834 658 1896 species
672 1833 787 1883 utilitatis
801 1834 885 1884 offerri
897 1835 994 1898 possit,

144 1914 208 1962 quae
227 1915 284 1948 cum
304 1899 435 1948 honestate
454 1913 566 1960 pugnare
583 1899 705 1961 uideatur,
719 1900 755 1948 ait
773 1915 800 1949 se
818 1900 884 1949 hunc
902 1901 985 1948 locum

144 1965 267 2028 suscipere
280 1965 351 2025 velle,
363 1974 389 2014 ot
405 1965 531 2026 explicata
546 1964 662 2013 universa
678 1974 768 2014 natura
785 1966 909 2026 utilitatis
921 1981 984 2028 quae

143 2045 199 2078 cum
212 2029 365 2092 turpitudine
376 2030 449 2092 plane
460 2042 513 2078 esse
527 2045 577 2078 non
588 2031 673 2092 possit,
685 2045 738 2092 cap.
751 2034 775 2089 8,
785 2033 809 2091 9,
822 2029 835 2088 ἓ
849 2033 936 2085 35-39,
946 2040 984 2078 ta-

143 2110 202 2143 men
213 2095 327 2144 concedit
340 2095 465 2144 interdum
479 2103 580 2158 propter
593 2096 700 2157 speciem
713 2095 790 2142 falsae
805 2095 920 2143 utilitatis
933 2109 984 2142 non

143 2161 223 2208 solum
240 2161 266 2208 in
283 2161 356 2208 rebus
373 2161 579 2222 privatis,re1·um
595 2161 671 2208 etiam
687 2159 713 2206 in
730 2159 835 2221 publicis
851 2159 878 2207 in
895 2159 982 2219 digno-

143 2225 235 2274 scenda
246 2225 353 2274 utilitate
364 2235 389 2279 et
400 2225 529 2274 honestate
540 2225 642 2273 titubat-i
653 2238 732 2286 posse,
743 2238 797 2286 cap.
809 2226 849 2283 10,
862 2227 899 2284 11,
911 2222 925 2282 ξ
935 2227 984 2270 40-

143 2293 183 2340 49.
219 2291 310 2354 Itaque
321 2291 429 2352 primum
440 2291 471 2339 de
482 2289 601 2353 peculiari
614 2289 773 2338 contentione
784 2288 906 2347 utilitatis,
919 2303 984 2350 quac

142 2355 275 2417 prudentia
286 2355 364 2404 videri
374 2356 440 2416 telit,
453 2371 509 2404 cum
523 2354 619 2403 iustitia
632 2355 691 2414 agit,
703 2369 756 2416 cap
767 2355 813 2400 12-
814 2351 878 2414 25‚§
891 2357 939 2401 50-
923 2356 980 2412 -95,

143 2419 232 2468 deinde
244 2419 275 2468 de
287 2422 445 2469 contentione
457 2421 571 2469 utilitatis
583 2435 640 2468 cum
649 2418 795 2467 fortitudine
806 2418 917 2482 exponit,
927 2433 980 2479 capi.

97 2495 100 2500 ·
143 2487 192 2533 26-
192 2488 233 2546 32,
245 2481 320 2543 §97-
323 2489 368 2534 115
370 2485 493 2549 ,denique
506 2486 538 2534 ds
551 2485 709 2534 contentione
722 2483 838 2532 utilitatis
852 2499 908 2532 cum
922 2491 985 2532 tem·

142 2551 256 2612 perantia
272 2551 390 2613 disputat,
402 2565 455 2613 cap.
469 2553 510 2612 33,
525 2550 539 2610 §
554 2553 675 2611 116120,
686 2559 712 2598 et
728 2549 797 2598 brevi
813 2549 910 2612 epilogo
925 2564 985 2598 con

143 2615 220 2665 cludit
231 2626 415 2676 argumentum,
427 2616 441 2675 §
457 2618 509 2664 121.

178 2733 200 2787 Ι.
231 2734 254 2788 1.
270 2734 302 2787 Ρ.
317 2731 483 2801 Scipionem,
494 2733 587 2785 Marce
598 2731 647 2798 1111,
656 2747 728 2798 eum,
737 2730 786 2800 qui
798 2731 906 2800 primus
914 2731 986 2785 Afri-

143 2828 228 2866 canus
244 2815 401 2883 appellatus
420 2813 464 2879 sit,
478 2812 571 2865 dicere
586 2812 700 2864 solitum
719 2812 831 2882 scripsit
846 2815 923 2881 Cato,
936 2813 986 2880 qui

142 2893 196 2946 fuit
208 2894 267 2947 eius
279 2895 336 2947 fere
349 2891 480 2961 aequalia,
491 2908 643 2960 numquam
654 2909 682 2944 se
692 2892 784 2945 minus
796 2893 917 2946 otiosum
927 2909 986 2945 esse

143 2989 227 3040 quam
241 2991 305 3027 cum
320 2973 434 3040 otiosus,
448 2989 500 3026 nec
514 2972 608 3024 minus
623 2974 817 3042 solum,qua1n
831 2989 895 3025 cum
911 2973 986 3025 solus

142 3051 221 3108 esset.
258 3054 408 3122 Magnifica
423 3070 488 3106 vcro
504 3069 561 3105 vox
575 3057 604 3105 et
618 3069 722 3122 magno
735 3053 796 3106 viro
812 3067 845 3104 ac
860 3051 986 3120 sapiente

144 3134 245 3204 digna:
267 3149 339 3204 quae
352 3134 475 3188 declarat
484 3132 566 3186 illum
578 3137 607 3186 ct
618 3132 649 3185 in
661 3132 720 3185 otio
731 3133 768 3184 cla
779 3130 901 3200 negotiis
910 3132 985 3200 cogi·
