2256 3448
141 75 189 124 188
453 75 503 123 Da
520 73 675 126 OFFICIIS

142 161 192 223 est,
205 157 275 210 haee
292 160 387 210 tamen
403 157 434 208 ia
450 161 594 227 posterum
612 156 743 226 gratiora.
779 156 910 224 Theatra,
923 172 987 226 por-

142 237 222 303 ticus,
241 253 315 289 nova
336 238 442 305 templa
463 237 648 290 verecundius
671 236 845 305 reprehendo
871 242 988 306 propter

140 315 313 385 Pompeium,
327 317 376 368 sed
392 317 549 369 doctissimi
560 334 618 370 non
631 318 760 386 probant,
773 323 806 369 nt
820 322 850 369 et
861 317 911 369 hic
925 317 987 386 ipse

139 396 297 463 Panaetius
306 413 388 464 quem
401 399 521 450 multum
531 398 561 450 in
573 398 618 450 his
631 398 710 450 libris
723 402 834 452 secutus
847 413 918 465 snm,
927 415 987 451 non

140 478 348 545 interpretatus,
367 482 395 531 et
416 478 568 531 Phalereus
588 478 755 546 Demetrius,
775 479 825 546 qui
847 479 986 533 Periclem

81 593 86 604 .
139 557 297 627 prinprem
310 557 442 611 Graeciae
453 559 605 628 vituperat,
619 561 698 627 quod
713 563 822 612 tantam
837 559 987 628 pecuniam

139 638 169 690 in
183 639 324 706 praeclara
336 638 386 692 illa
398 640 549 708 propylaea
562 639 720 692 coniecerit.
753 639 809 692 Sed
822 639 858 692 de
872 640 927 692 hoc
939 657 987 708 ge·

139 735 204 772 nere
221 723 283 772 toto
301 719 331 772 in
349 719 385 771 iis
403 719 489 786 libris,
504 734 575 787 quos
594 720 655 772 “dc
673 719 857 788 re=publiea”
877 719 986 788 scripsi,

140 798 293 868 diligenter
311 804 353 852 est
373 799 556 868 disputatum.
592 801 665 854 Tota
684 799 774 868 igitur
792 799 865 852 ratio
885 799 986 853 talium

140 879 322 947 largitionum
340 895 441 947 genere
459 880 561 933 vitiosa
580 885 629 948 est,
641 880 816 948 temporibus
832 881 987 939 necessaria

140 962 168 1008 et
182 963 243 1010 tum
258 957 352 1026 ipsum
367 963 396 1011 et
410 961 447 1012 ad
462 959 611 1014 facultates
629 959 868 1013 accommodanda
887 966 916 1012 et
931 977 986 1013 me

140 1036 289 1092 diocritate
303 1040 476 1093 moderanda
488 1030 553 1096 ests
575 1041 682 1096 XVIII.
719 1041 761 1094 61.
781 1041 815 1092 In
827 1040 878 1092 illo
891 1047 986 1094 antem

140 1118 228 1171 altero
247 1135 348 1188 genere
364 1120 511 1190 largiendi,
525 1123 603 1189 quod
618 1139 635 1175 a
650 1121 818 1175 liberalitate
833 1121 986 1190 proficisci-

140 1203 193 1264 tur,
209 1215 266 1250 non
284 1215 341 1252 uno
359 1202 447 1254 modo
464 1202 495 1254 in
513 1201 675 1272 disparibus
693 1201 783 1254 causis
801 1199 907 1254 adfecti
926 1217 986 1253 esse

140 1279 281 1333 debemus.
318 1281 384 1334 Alia
402 1297 486 1335 causa
504 1287 547 1336 est
561 1282 630 1351 eius,
643 1282 693 1350 qui
707 1281 866 1335 calamitate
883 1281 986 1351 premi·

140 1363 193 1427 tur,
206 1367 234 1413 et
249 1360 315 1428 eius,
332 1361 382 1430 qui
396 1377 440 1414 res
454 1362 582 1415 mellores
601 1362 710 1431 quaerit
725 1361 811 1415 nullis
828 1361 886 1414 suis
900 1362 986 1414 rebus

140 1441 273 1496 adversis.
310 1445 353 1496 62.
373 1443 541 1512 Propensior
559 1443 721 1512 benignitas
741 1457 799 1496 esse
819 1442 936 1496 debebit
952 1442 985 1496 in

141 1523 324 1590 calamitosos,
337 1523 392 1576 nisi
406 1523 479 1576 forte
496 1528 578 1576 erunt
596 1523 679 1594 digni
696 1523 863 1576 calamitate.
900 1523 933 1575 In
948 1523 985 1575 iis

136 1606 242 1668 tamen,
256 1603 345 1670 quise
361 1603 490 1656 adiuvari
501 1605 606 1671 volent,
619 1619 677 1656 non
691 1619 727 1655 ne
742 1598 920 1671 adfligentur,
932 1603 984 1656 sed

140 1688 172 1734 ut
190 1683 318 1736 altiorem
336 1685 456 1752 gradum
475 1685 636 1749 ascendant,
650 1682 772 1736 restricti
790 1682 906 1735 omnino
925 1699 985 1736 esse

135 1763 218 1814 nullo
231 1763 316 1814 modo
331 1764 473 1830 debemus,
484 1765 533 1817 sed
545 1764 575 1816 in
588 1763 748 1832 deligendis
760 1762 872 1816 idoneis
883 1762 984 1815 iudici-

140 1856 188 1894 um
200 1847 229 1894 et
241 1841 418 1910 diligentiam
432 1843 573 1898 adhibere.
607 1845 635 1897 N
637 1861 681 1898 am
694 1843 834 1913 praeclare
846 1842 971 1895 Ennius:

248 1969 316 2016 Bene
330 1970 399 2018 sacta
412 1973 479 2018 male
493 1973 577 2020 locata
592 1974 658 2019 mule
672 1973 739 2019 faeta
754 1973 870 2018 arbitror.

141 2085 182 2138 63.
203 2085 286 2151 Quod
299 2089 391 2138 autem
404 2085 540 2138 tributum
553 2090 594 2139 est
606 2086 681 2140 bono
693 2085 753 2140 viro
766 2089 795 2138 et
806 2089 896 2155 grato,
906 2085 936 2138 in
948 2101 983 2138 eo

141 2180 205 2217 eum
225 2182 259 2218 ex
279 2165 342 2235 ipso
360 2164 467 2218 fruetus
487 2171 529 2218 est
546 2171 607 2219 tum
627 2167 711 2219 etiam
732 2182 767 2218 ex
788 2165 894 2220 ceteris.
931 2166 983 2217 'lo-

140 2246 267 2298 meritate
282 2246 357 2299 enim
372 2252 478 2298 remota
492 2246 651 2314 gratissima
665 2252 707 2299 est
719 2246 880 2312 liberalitfls,
893 2261 983 2314 eoque

140 2342 201 2378 eam
219 2327 372 2379 studiosius
389 2325 516 2395 plerique
535 2326 660 2395 laudaut,
676 2326 753 2394 quod
772 2307 873 2380 sumuIi
892 2325 982 2379 cuius

141 2419 194 2471 que
208 2407 318 2460 bonitas
331 2422 477 2459 commune
490 2405 649 2475 perfugium
662 2411 703 2458 est
716 2391 859 2458 omnium?
880 2405 983 2458 Danda

140 2483 229 2552 igItur
244 2503 329 2555 opera
347 2493 389 2539 est
404 2491 436 2538 ut
450 2485 486 2537 iis
501 2486 643 2549 beneficiis
661 2485 895 2555 quamplurimos
913 2484 982 2538 adti-

141 2564 254 2630 ciamus,
268 2581 386 2633 quorum
398 2565 531 2618 memoria
543 2567 639 2620 liberis
650 2566 823 2635 posterisque
836 2567 980 2634 prodatur,
1065 2573 1067 2578 '

140 2649 172 2696 ut
184 2644 219 2695 iis
231 2644 351 2713 ingratis
365 2663 424 2700 esse
436 2663 494 2700 non
507 2647 598 2701 liceat.
636 2648 738 2699 Omnes
753 2645 982 2700 enimtmmemo-

140 2739 198 2774 rem
213 2725 340 2777 beneficii
354 2727 475 2778 oderunt
489 2743 605 2794 eamque
622 2727 754 2780 iniuriam
770 2727 800 2779 in
816 2724 983 2780 deterrenda

140 2803 307 2856 liberalitate
320 2805 374 2857 sibi
386 2806 471 2860 etiam
484 2807 543 2860 fieri
555 2823 682 2875 eumque,
693 2807 742 2875 qui
754 2807 846 2875 faciat,
860 2823 982 2872 commu·

140 2901 204 2937 nem
223 2885 332 2937 hostem
351 2886 510 2939 tenuiorum
531 2894 641 2956 putant.
674 2890 772 2957 Atque
793 2889 863 2941 haee
884 2888 982 2957 benig·

141 2964 214 3017 nitas
228 2964 312 3017 etiam
330 2965 516 3034 reipublicae
535 2971 578 3018 est
595 2968 682 3035 utilia,
695 2968 796 3022 redimi
814 2984 829 3021 e
847 2968 981 3035 servitute
1050 2989 1055 3000 ·

141 3049 247 3112 captos,
261 3044 427 3112 locupletari
442 3045 596 3099 tenuiores:
616 3049 693 3114 quod
708 3049 822 3122 quidem
837 3049 924 3118 vulgo
939 3064 981 3100 so-
