2272 3442
126 143 152 191 1·
305 177 310 191 .
353 143 391 192 M.
409 141 537 192 TULLII
555 133 746 191 CICERONIS

123 240 177 276 non
189 223 286 290 gravis.
322 228 346 274 9.
371 223 523 290 Aptissima
535 225 644 276 omnino
656 227 727 290 sunt,
745 222 834 291 Scipio
847 226 876 277 et
889 219 974 290 111611·

124 314 199 350 arma
212 297 360 350 senectutis
372 301 446 351 artes
464 299 727 366 exercitationesque
745 299 885 364 virtutum,
901 316 972 366 quac

124 371 152 421 in
177 371 249 422 omni
272 375 363 425 aetate
387 372 444 425 cult
432 376 483 436 t,ae
504 391 588 442 quum
610 373 657 426 diu
675 375 845 461 multumque
863 374 971 440 1111111,

124 444 251 498 mirificos
274 446 392 500 efferunt
415 447 527 514 fructus,
550 465 604 502 non
629 449 715 502 solum
742 449 807 517 quia
833 466 972 516 nunquam
1051 463 1056 468 ·

124 519 256 574 deserunt
276 537 311 574 ne
335 525 458 576 extremo
477 490 589 591 quidem
608 527 733 592 tempore
751 525 857 592 aetatis,
878 540 972 591 quam-

126 612 207 664 quam
223 597 253 649 id
265 598 374 666 quidem
391 600 538 653 maximum
555 605 606 668 est,
623 617 716 654 verum
734 594 817 654 etia'm
834 600 974 666 (11116611-

125 672 238 726 scientia
257 673 389 728 benet
345 678 389 728 act
390 692 422 728 16
440 677 513 729 ritae
530 677 733 744 multorumque
752 675 822 728 bene
839 675 974 728 sactorum

125 748 281 802 recordatio
295 749 494 817 jucundissima
506 757 556 805 est.

177 825 227 876 IV.
266 829 304 875 10.
330 828 389 890 Ego
411 822 441 886 Q.
455 822 612 887 Maximum,
629 839 692 875 eum
709 822 755 890 qui
771 823 918 877 Tarentum
932 839 973 876 re

123 898 204 984 cepit,
226 898 384 951 adolescens
399 897 439 951 ita
460 897 544 950 dilexi
562 915 653 951 senem
669 902 701 952 ut
714 889 869 1026 'aequalem
905 899 973 952 Erat

124 973 237 1024 enimin
254 973 370 1026 illovrro
383 973 511 1026 comitate
523 973 633 1026 condita
644 974 772 1041 gravitas,
785 991 835 1027 nec
847 977 972 1028 senectus

124 1062 214 1100 mores
234 1051 404 1113 mutaverat;
432 1065 597 1116 quamquam
621 1066 683 1103 eum
707 1050 796 1103 colere
819 1050 895 1119 coepi
918 1066 972 1102 non

124 1122 273 1175 admodum
285 1123 417 1190 grandem
429 1127 505 1190 natu,
520 1124 569 1176 sed
580 1128 672 1177 tamen
683 1123 742 1192 jam
759 1127 850 1179 aetate
862 1142 973 1194 provee*

124 1200 191 1250 tum.
228 1200 309 1250 Anno
321 1198 394 1252 enim
406 1202 469 1267 post
485 1200 577 1252 consul
588 1200 707 1268 primum
723 1200 813 1253 fuerat
827 1219 909 1270 quam
921 1217 972 1268 ego

126 1275 205 1326 natus
225 1290 291 1340 sum,
307 1289 423 1343 eumque
438 1292 469 1328 eo
487 1279 615 1344 quartum
631 1275 740 1328 consule
756 1276 972 1330 adolescentulus

125 1349 202 1401 miles
221 1349 257 1402 ad
272 1349 393 1417 Capuam
413 1351 552 1420 profectus
571 1368 639 1419 sum,
655 1351 806 1420 quintoque
823 1369 893 1405 anno
909 1355 972 1420 post

125 1424 161 1476 ad
179 1425 333 1479 Tarentum.
369 1425 504 1490 Quaestor
524 1427 624 1480 deinde
642 1427 818 1492 quadriennio
837 1431 899 1494 post
917 1429 972 1480 fac-

125 1501 170 1551 tus
189 1516 256 1568 sum,
276 1518 357 1569 quem
374 1503 563 1568 magistratum
577 1501 649 1568 gessi
666 1501 819 1554 consulibus
836 1502 971 1554 Tuditano

125 1580 154 1626 et
173 1575 301 1643 Cethego,
320 1593 403 1642 quum
425 1575 535 1642 quidem
553 1575 599 1628 ille
616 1575 763 1627 admodum
779 1590 862 1626 senex
877 1591 971 1628 suasor

124 1648 192 1716 legis
210 1650 317 1703 Cinciae
332 1650 367 1702 dc
382 1651 459 1702 donis
471 1653 500 1702 et
512 1650 670 1702 muneribus
684 1649 743 1703 luit.
779 1649 834 1702 Hic
852 1653 881 1703 et
898 1650 971 1705 bella

123 1723 239 1790 gerebat
262 1728 294 1777 ut
314 1724 477 1791 adolescens,
499 1741 582 1792 quum
605 1725 686 1791 plane
708 1725 820 1792 grandis
840 1730 921 1794 esset,
940 1731 970 1782 et

13 1823 23 1840 ·
125 1799 289 1852 Annibalem
296 1799 456 1866 juveniliter
468 1799 649 1854 exsultantem
662 1801 795 1868 patientia
808 1819 856 1856 sua
868 1803 970 1856 mollie-

123 1873 186 1941 bat,
204 1874 239 1927 de
251 1891 305 1941 quo
315 1874 454 1942 praeclare
465 1875 606 1928 familiaris
618 1877 711 1929 noster
724 1876 841 1932 Ennius:

220 1965 294 2012 Unus
306 1965 378 2012 homo
390 1965 460 2014 nobis
472 1967 611 2014 cunctando
623 1968 733 2016 restituit
744 1984 804 2027 rem,

220 2028 280 2076 Non
291 2031 356 2077 enim
367 2045 477 2078 rumores
489 2031 596 2094 ponebat
608 2038 666 2080 ante
677 2033 743 2080 salut
733 2038 790 2080 t.ern

221 2093 288 2157 Ergo
299 2099 403 2158 postque
414 2097 541 2158 magisque
552 2097 598 2144 viri
609 2113 676 2144 nunc
688 2097 765 2160 gloria
777 2098 860 2147 611116

126 2183 165 2230 11.
190 2178 339 2234 Tarentum
349 2197 415 2235 vero
427 2181 639 2250 quavigrlauia,
653 2199 706 2250 quo
723 2183 832 2236 consilio
848 2183 966 2252 recepit!

123 2273 207 2324 quum
220 2256 330 2325 quidem
342 2274 386 2311 mo
396 2258 507 2312 audient
495 2261 524 2312 te
537 2258 639 2313 Salinat
627 2259 687 2327 tori,
700 2259 746 2328 qui
759 2259 856 2312 amisso
869 2259 969 2328 oppido

123 2331 231 2400 fugerat
242 2333 270 2386 in
282 2351 378 2399 arcem,
394 2335 522 2402 glorianti
534 2338 617 2404 atque
628 2336 668 2389 ita
681 2335 790 2400 dicenti,
803 2336 867 2388 Mea
878 2352 969 2404 opera,

123 2407 153 2470 Q.
168 2409 242 2476 Fabi,
258 2410 404 2464 Tarentum
422 2411 558 2480 recepisti,
577 2412 667 2478 Certe,
682 2411 771 2480 inquit
787 2411 888 2478 ridens,
905 2428 969 2464 nam

122 2483 174 2534 nisi
192 2487 224 2536 tu
245 2486 388 2551 amisisses,
408 2503 546 2554 nunquam
565 2487 736 2554 recepissem,
777 2485 801 2538 N
805 2503 835 2539 ec
856 2502 920 2539 vore
940 2487 968 2539 in

122 2557 205 2608 armis
226 2561 410 2624 praestantior
431 2577 513 2647 quam
532 2561 560 2612 in
579 2564 651 2688 ttoga,
675 2562 722 2631 qui
746 2562 884 2616 consult
861 2561 969 2629 iterum,

123 2631 167 2698 Sp
192 2631 308 2686 Carvilio
332 2633 418 2700 colleg
401 2651 435 2686 ea
458 2636 621 2703 quiescente,
598 2637 685 2690 e.C
701 2637 835 2691 Flaminio
859 2637 969 2691 tribuno

121 2705 210 2772 plebis
228 2706 320 2773 quoad
337 2712 385 2775 pot
386 2709 428 2762 uit
446 2713 533 2762 1611111
537 2713 663 2778 tagram
683 2711 778 2767 Picent
766 2715 870 2767 temet
858 2713 970 2767 tGalli-

123 2797 183 2833 cum
210 2781 312 2836 viritim
339 2788 434 2838 contra
459 2787 575 2839 Senatus
600 2789 791 2842 auctoritatem
817 2789 969 2855 dividenti;

122 2872 263 2924 augurque
275 2875 360 2926 quum
372 2863 451 2946 61161
464 2861 555 2916 dicero
568 2879 650 2916 ausus
662 2867 705 2918 est
720 2865 830 2932 optimis
842 2865 969 2933 auspiciis

121 2947 154 2984 ea
173 2931 232 2998 gen·
252 2948 322 3001 quae
341 2950 391 3001 pro
407 2935 447 2988 rei
463 2935 588 3002 publicae
607 2939 677 2992 salut
665 2943 694 2992 te
710 2944 878 3028 gererentur,
898 2956 970 3008 quae

121 3023 170 3059 con
172 3011 215 3060 tra
227 3008 432 3095 rempublicam
443 3011 583 3064 ferrentur
595 3018 689 3067 contra
699 3015 818 3081 auspicia
829 3015 902 3068 16111.
929 3021 968 3068 12

123 3081 230 3134 Multa'
223 3099 250 3134 in
260 3100 292 3136 eo
304 3083 362 3136 viro
374 3085 513 3150 praeclara
524 3089 643 3154 cognovi,
657 3089 706 3140 sed
719 3089 784 3142 nihil
797 3094 840 3143 cst
852 3091 969 3144 admira-

122 3152 203 3210 bilius
215 3173 296 3224 quarn
309 3159 445 3226 quomodo
462 3159 509 3212 illc
527 3177 585 3214 mor
588 3167 643 3214 tem
661 3164 710 3215 filii
722 3164 787 3217 tulit
798 3165 900 3218 clari'
876 3167 927 3218 vrri
939 3170 968 3220 et
