2256 3448
151 139 197 186 104
248 157 253 166 ·
462 136 512 184 Du
529 135 684 186 OFFICIIS

149 220 198 288 qui
213 219 330 272 fuerunt
343 218 431 272 Stoici
445 235 534 288 paene
549 219 656 286 Cynici,
670 219 720 288 qui
738 219 948 289 reprehendunt
964 227 992 276 11

149 301 274 368 irrident,
283 301 362 367 quod
375 315 414 366 ea,
424 315 495 367 quae
504 299 599 368 turpia
612 317 669 352 non
681 299 745 366 sint,
754 301 994 371 verbisfiagitiosa

150 381 283 448 dicamus,
294 381 349 432 illa
370 384 472 447 autem,
484 396 555 447 quas
574 381 667 448 turpia
687 380 752 448 sint,
767 381 930 435 nominibus
949 399 994 452 ap·

149 461 285 530 pellemus
312 459 376 514 suis.
421 459 602 524 Latrocinari,
624 459 761 525 fraudare,
784 462 941 515 adulterare
966 480 994 515 re

149 549 230 609 turpe
249 545 299 608 est,
314 541 364 593 sed
382 539 486 592 dicitur
501 557 558 592 non
576 541 710 594 obscene:
733 541 828 594 liberis
845 541 912 594 dare
931 559 995 612 ope-

149 638 208 674 ram
225 639 254 674 re
272 623 421 674 honestum
439 625 489 688 est,
505 620 617 672 nomine
636 621 795 689 obscenum,
810 623 948 691 pluraque
965 623 995 674 in

149 718 212 755 eam
226 702 393 764 sententiam
408 703 444 755 ab
459 701 564 754 eisdem
579 705 676 753 contra
688 702 887 754 verecundiam
900 703 995 772 dispu-

149 786 251 837 tantur.
288 785 348 836 Nos
369 787 463 836 autem
483 786 613 834 naturam
634 797 784 848 sequamur
804 789 833 835 et
853 784 890 836 ab
909 785 994 850 omni,

150 864 228 931 quod
242 855 372 916 abhorret
386 863 422 914 ab
439 863 584 914 oculorum
600 861 764 929 auriumque
783 864 993 932 approbatione,

149 942 297 1012 fugiamus.
337 945 405 1002 1211.Ἰ
416 942 511 994 Status
524 942 656 1008 incessus,
670 942 756 994 sessio
770 939 925 1012 accubatio,
934 947 996 997 vul·

149 1027 195 1074 tus
208 1022 289 1088 oculi,
300 1037 434 1074 manuum
448 1027 542 1074 motus
554 1027 649 1076 teneat
661 1022 735 1076 illud
748 1016 890 1078 decorum.
929 1026 995 1092 Qui-

149 1103 203 1155 bus
217 1102 247 1153 in
262 1103 345 1154 rebus
359 1102 417 1154 duo
432 1103 553 1155 maxime
568 1108 634 1156 sunt
646 1101 789 1172 fugienda,
798 1120 834 1156 ne
849 1105 919 1172 quid
935 1105 996 1158 cffu-

149 1183 287 1236 minatum
299 1187 349 1236 aut
360 1184 445 1236 molle
457 1188 485 1236 11
497 1199 532 1236 11
546 1183 616 1250 quid
626 1183 727 1236 durum
739 1191 788 1237 aut
800 1186 936 1238 rusticum
949 1187 993 1240 sit.

149 1266 207 1316 Nee
221 1279 287 1318 vero
302 1263 486 1317 histrionibus
501 1263 712 1332 oratoribusque
727 1266 939 1319 concedendum
954 1274 995 1319 est

150 1349 183 1402 ut
200 1344 235 1398 iis
254 1345 324 1398 haec
345 1349 412 1414 apta
433 1343 594 1410 sint,'n0his
613 1344 759 1398 dissoluta.
798 1346 994 1399 Scaenicorum

151 1425 265 1493 quidem
284 1443 344 1480 mos
362 1431 469 1480 tantam
487 1425 572 1478 habet
586 1431 680 1478 vetere
697 1425 849 1495 disciplina
863 1443 994 1480 verecun-

151 1506 236 1574 diam,
249 1513 281 1559 ut
295 1508 325 1559 in
343 1523 470 1560 scaenam
489 1506 548 1558 sine
567 1506 743 1574 subligaculo
759 1508 879 1576 prodeat
895 1525 994 1561 nemo:

150 1593 281 1641 verentur
290 1587 363 1640 enirn
373 1604 415 1654 ne,
423 1587 447 1639 si
457 1603 512 1654 quo
523 1602 588 1638 casu
598 1587 721 1640 evenerit
728 1593 759 1640 ut
767 1588 892 1657 corporis
902 1597 995 1659 partes

151 1671 289 1736 quaedam
306 1669 471 1738 aperiantur,
486 1667 657 1737 aspiciantur
670 1684 728 1726 non
745 1669 864 1724 decore(
890 1669 994 1724 Nostro

151 1749 266 1816 quidem
278 1765 353 1802 more
366 1766 429 1802 cum
442 1749 604 1818 parentibus
616 1748 734 1818 puberes
745 1749 805 1816 filii,
816 1765 880 1802 curn
892 1750 994 1804 soceris

151 1828 247 1896 generi
263 1845 320 1880 non
337 1825 471 1882 lavantur.
509 1829 666 1882 Retinenda
683 1829 771 1898 igitur
787 1834 829 1882 est
845 1831 930 1884 huius
947 1847 993 1901 gc·

151 1908 418 1977 nerisverecundia,
434 1910 596 1977 praesertim
614 1915 713 1962 natura
731 1911 793 1980 ipsa
811 1912 946 1980 magistra
965 1918 999 1964 ct·

152 1991 231 2042 duce.
269 1990 400 2044 XXXVI.
429 1991 488 2044 130.
508 1991 578 2044 Cum
594 1997 688 2043 autem
701 1992 993 2060 pulclnitudlnis'duo

151 2087 252 2139 genera
272 2070 335 2136 sint,
352 2087 469 2138 quorum
488 2071 518 2123 in
538 2073 625 2124 altero
644 2077 775 2124 venustas
796 2072 841 2137 sit,
856 2073 887 2124 in
907 2076 992 2126 altero

152 2148 993 2224 dignitas,venustatenrmuliebremducercdebemus,digui-

151 2238 237 2286 tatem
247 2232 364 2286 virilem.
394 2233 470 2301 Ergo
483 2236 511 2284 ct
522 2231 637 2284 aforma
646 2234 992 2286 removeaturomnisviro

151 2329 208 2365 non
222 2314 326 2384 dignus
338 2317 451 2366 ornatus
463 2318 495 2364 et
504 2311 571 2364 huic
583 2311 673 2364 simile
682 2311 784 2366 vitium
796 2313 826 2364 in
839 2319 922 2382 gestu
934 2331 991 2366 rno-

151 2400 237 2462 tuque
250 2398 387 2448 caveatur.
424 2393 497 2446 Nam
513 2397 541 2444 et
553 2391 712 2460 palaestrici
727 2397 820 2446 motus
835 2400 900 2447 sunt
912 2411 992 2464 saepe

139 2475 304 2538 ,odiosiores
318 2478 347 2526 ct
358 2473 526 2535 histrionum
540 2488 598 2534 non
612 2472 684 2524 nulli
696 2467 792 2542 gestus
806 2473 922 2542 ineptiis
936 2491 992 2526 non

151 2559 251 2606 uacant
263 2560 291 2607 11
303 2555 334 2606 11
345 2558 465 2621 utroque
477 2569 586 2621 genere,
597 2557 747 2620 quaesunt
759 2557 835 2606 recta
848 2559 876 2607 et
888 2554 992 2624 simpli-

151 2633 203 2700 cia,
216 2635 372 2688 laudantur.
410 2635 529 2686 Formae
547 2639 640 2686 autem
656 2634 782 2703 dignitas
799 2635 900 2688 coloris
915 2635 992 2689 boni·

151 2719 209 2765 tate
222 2713 328 2765 tuenda
345 2719 393 2780 111,
408 2715 485 2766 11111
502 2713 749 2767 exercitationibus
766 2715 897 2784 corporis.
935 2717 992 2768 Ad-

151 2794 276 2846 hibenda
289 2799 429 2861 praeterea
443 2795 584 2848 munditia
599 2799 640 2847 est
654 2811 711 2848 non
728 2795 826 2848 odiosa
840 2812 930 2864 neque
947 2813 992 2848 ex-

152 2875 254 2944 quisita
266 2873 357 2942 nimis,
367 2880 476 2928 tantum
489 2891 561 2942 quae
572 2875 664 2944 fugiat
676 2881 814 2945 agrestem
826 2882 855 2930 et
867 2877 993 2930 inhuma-

150 2973 215 3009 nam
227 2955 441 3026 neglegentiam.
473 2956 579 3008 Eadem
589 2957 660 3009 ratio
674 2962 716 3009 111
726 2957 857 3010 habenda
866 2958 991 3024 vestitus,

150 3037 180 3088 in
199 3053 263 3104 quc,
283 3036 355 3088 sicut
372 3036 402 3086 in
420 3037 560 3103 plerusque
579 3037 668 3102 rebus,
685 3038 864 3090 rnediocritas
885 3040 993 3108 optima

151 3121 199 3169 est.
235 3117 293 3170 131.
310 3115 473 3168 Cavendum
483 3120 576 3166 autem
588 3120 672 3166 estne
686 3121 734 3168 aut
743 3117 924 3171 tarditatibus
933 3126 994 3170 uta-
