2272 3442
110 110 124 154 o
340 107 377 155 M.
395 103 522 154 TULLII
538 101 726 154 CICERONIS

109 187 193 242 etiam
208 186 285 256 priva
285 190 358 239 ttae
372 186 472 254 quicto.
509 185 654 254 Sophocles
669 183 705 237 ad
721 198 854 238 summum
866 199 954 238 senec
1039 241 1042 248 ,

110 265 199 316 tutem
217 260 373 327 tragoedias
400 260 473 314 feeit:
452 262 572 327 tquod
598 263 712 328 propter
730 259 850 313 studium
870 277 952 328 quum

110 353 168 390 rem
184 336 327 404 :negligere
345 335 505 389 familiarem
517 337 665 402 uideretur,
677 352 694 388 a
705 335 789 388 tiliis
782 351 809 387 m
818 335 954 403 judicium

110 415 220 466 vocatus
238 413 337 477 estut,
356 411 584 478 quemadmodum
601 415 695 464 nostro
713 427 788 463 moro
807 411 877 464 male
896 427 954 464 rem

110 486 268 555 gerentibus
280 485 404 554 patribus
416 486 493 540 bonis
505 487 632 540 interdici
649 486 727 552 solet,
740 487 778 539 sic
789 479 865 538 illum
876 485 955 554 quasi

111 561 290 630 desipientem
310 578 327 614 a
345 579 376 616 re
396 561 522 615 familiari
542 566 715 616 removerent
734 561 849 628 judices.
886 561 954 614 'lusu

111 654 195 692 senex
207 637 307 692 dicitur
318 654 378 692 eam
394 637 514 690 fabulam
527 655 608 706 quam
620 639 648 690 in
660 638 784 690 inanibus
796 636 914 690 habebat
926 644 955 690 ct

111 714 234 782 proximo
250 715 404 782 scripserat,
419 714 554 781 Oedipum
567 714 721 779 Coloneum,
740 715 868 766 recitasse
882 711 955 778 judi-

110 788 187 843 cibus
201 790 401 857 quaesissequc,
418 807 482 842 uum
498 788 566 841 illud
581 805 690 842 carmen
706 787 865 854 desipientis
881 787 955 840 vide·

111 869 194 920 retur.
231 865 290 928 Quo
308 865 425 918 recitato
445 865 587 918 sententiis
606 864 730 932 judicum
749 866 792 916 est
815 863 954 916 liberatus.

111 946 152 995 23.
174 941 199 994 N
201 957 247 993 um
262 941 347 1008 igitur
362 940 440 1006 hunc,
457 957 522 993 num
540 941 698 1007 llomerum,
713 955 778 992 uum
795 938 955 1004 Hesiodum,

111 1032 176 1069 uum
188 1015 362 1083 Simonidem,
375 1031 439 1068 num
453 1016 645 1079 Stesichorum,
656 1031 722 1068 num
735 1031 803 1082 quos
814 1018 877 1068 2222
889 1013 954 1080 dixi,

112 1091 269 1158 Isocratem,
282 1093 417 1160 Gorgiam,
431 1109 496 1148 num
513 1091 733 1159 philosophorum
749 1091 891 1159 principes,
905 1090 955 1158 Py-

101 1166 260 1235 thagoram,
278 1167 471 1234 Democritum,
489 1184 554 1220 num
573 1167 720 1234 Platonem,
732 1183 803 1220 num
820 1167 956 1220 Xenocra-

112 1245 175 1309 tem,
192 1257 257 1296 num
274 1247 371 1311 postea
387 1244 531 1309 Zenonem,
548 1243 714 1310 Cleanthem,
730 1248 778 1296 aut
796 1260 858 1296 eum
874 1258 955 1310 quem

111 1334 159 1371 vos
175 1317 257 1372 etiam
271 1318 379 1372 vidistis
391 1319 502 1386 Romae,
515 1319 665 1387 Diogenem
681 1319 810 1384 Stoicum,
822 1319 912 1386 coegit
927 1318 969 1370 in·

112 1394 167 1446 suis
186 1393 285 1448 studiis
304 1395 492 1458 obmutescere
511 1399 643 1461 senectus,
668 1411 703 1446 an
726 1395 753 1446 in
772 1393 895 1446 omnibns
913 1392 956 1445 liis

111 1469 264 1523 studiorum
283 1470 397 1538 agitatio
416 1471 488 1524 vitae
509 1470 630 1538 aequalis
650 1469 720 1522 fuiti
763 1475 803 1522 24.
834 1471 902 1534 Age,
923 1471 956 1521 ut

111 1543 165 1596 ista
176 1545 267 1606 divina
283 1545 374 1598 studia
386 1545 551 1612 omittamus,
563 1560 672 1612 possum
688 1543 828 1596 nominare
840 1559 874 1594 ex
889 1559 955 1608 agro

112 1618 211 1672 Sabino
234 1619 516 1686 rusticosRomanos,
534 1619 635 1673 vicinos
655 1622 684 1673 et
704 1617 851 1672 familiares
874 1633 955 1682 meos,

112 1694 210 1762 quibus
229 1694 388 1751 absentibus
406 1711 545 1763 nunquam
565 1695 622 1747 fere
641 1694 696 1746 ulla
717 1693 745 1745 in
766 1709 831 1760 agro
852 1692 956 1760 majora

111 1786 195 1838 opera
207 1770 284 1836 fiunt,
296 1787 349 1822 non
362 1770 493 1836 serendis,
504 1786 556 1822 non
573 1768 762 1837 percipiendis,
774 1785 825 1820 non
839 1767 955 1821 conden-

112 1845 153 1898 dis
171 1844 312 1898 fructibus.
350 1845 520 1912 Quamquam
539 1845 565 1896 in
585 1844 645 1896 aliis
663 1845 752 1896 minus
773 1843 823 1896 hoc
842 1844 955 1908 mirum;

111 1937 191 1975 nemo
203 1921 274 1974 enim
287 1925 329 1975 cst
341 1925 397 1974 tarn
410 1938 493 1974 senex
505 1921 552 1989 qui
564 1937 594 1972 se
606 1936 706 1972 annum
720 1936 772 1971 non
785 1923 864 1987 putet
876 1929 956 1986 posse

110 1997 214 2051 vivere:
237 1996 286 2049 scd
301 1995 385 2049 iidem
401 1997 429 2049 in
445 1997 479 2048 iis
495 1995 637 2049 elaborant
649 2011 719 2062 quae
736 1995 824 2047 sciunt
839 1993 905 2046 nihil
919 1994 956 2047 ad

111 2089 141 2126 se
152 2072 261 2125 omuino
273 2073 424 2140 pertinere:

258 2171 323 2220 Serit
333 2172 431 2219 arbores
443 2187 506 2234 quae
517 2171 588 2218 alberi
599 2171 681 2219 seculo
692 2171 809 2234 prosieut,

111 2272 142 2323 ut
156 2269 196 2323 212
210 2268 315 2323 Statius
329 2271 423 2322 noster
436 2267 465 2320 iu
480 2267 661 2335 Synephebis.'
691 2271 732 2321 25.
758 2267 783 2319 N
786 2283 816 2320 ec
828 2283 892 2320 vcro
906 2268 956 2318 du-

111 2344 182 2398 bitet
194 2345 311 2413 agricola
321 2344 443 2412 quamvis
455 2359 539 2397 senex
551 2342 693 2410 quaerenti
702 2341 746 2394 cui
758 2347 833 2394 serat
845 2359 956 2409 respon-

110 2419 190 2474 dere:
208 2421 267 2474 Diis
279 2419 478 2473 immortalibus
488 2419 534 2485 qui
546 2435 590 2471 me
600 2433 653 2470 non
665 2419 787 2484 accipere
799 2417 879 2468 modo
891 2417 957 2468 hacc

111 2495 288 2562 anrajoribus
300 2495 449 2558 volucrunt,
462 2493 511 2545 scd
523 2493 606 2545 etiam
617 2493 733 2560 posteris
745 2490 870 2557 prodere.

163 2569 248 2623 Vlll.
268 2569 366 2621 Melius
375 2567 507 2622 Caecilius
519 2567 554 2619 de
567 2581 631 2619 sene
642 2565 722 2620 alteri
734 2565 840 2619 saeculo
852 2565 957 2638 prospi-

111 2646 201 2700 ciente
213 2659 295 2712 quam
307 2643 375 2696 illud
387 2643 475 2696 idem:

209 2748 304 2812 Edepol
315 2753 435 2807 senectus,
450 2763 471 2795 si
463 2747 518 2794 nil
528 2747 663 2809 quidquam
675 2746 800 2794 aliud'tl
753 2749 800 2794 vrtl

208 2813 334 2876 Apportes
345 2817 435 2870 tecum,
450 2828 528 2874 quum
539 2811 647 2868 advenis,
661 2827 739 2858 unum
750 2811 776 2858 id
787 2815 826 2858 sat
838 2815 875 2857 est

208 2875 280 2934 Quod
291 2876 334 2924 diu
345 2849 451 2925 vivendo
462 2877 541 2924 multa
554 2892 616 2938 quae
628 2891 677 2923 non
690 2875 744 2923 vult
755 2874 829 2922 videt.

115 2978 150 3031 llt
166 2978 235 3033 mult
223 2982 252 3033 22
267 2980 382 3033 fortasse
396 2995 467 3047 quae
479 2978 599 3042 vult3at
570 2981 653 3046 atque
670 2977 697 3030 in
712 2994 745 3031 ca
758 2976 869 3045 quidem
886 2990 957 3043 quae

113 3070 165 3107 nou
180 3056 238 3110 vult
254 3072 334 3124 saepe
350 3054 433 3108 etiam
450 3055 614 3109 adolescent
594 3057 633 3108 tra
648 3053 769 3109 incurrit.
751 3052 880 3108 tlllud
892 3067 955 3106 vcro

112 3127 186 3183 idem
198 3131 331 3186 Caecllius
342 3130 477 3186 vitiosius:
