2256 3448
128 121 176 170 172
438 118 488 168 DE
505 117 657 169 OFFICIIS

127 218 239 256 manare
253 201 387 256 latissime
401 202 489 270 idque
504 202 607 254 versari
624 201 655 254 in
669 201 765 255 tutelis
779 201 968 272 societatibus

126 282 238 336 fiduciis
253 282 401 350 mandatis,
411 283 494 334 rebus
509 282 612 350 emptis
624 281 756 350 venditis,
767 282 914 334 conductis
929 284 970 335 lo-

127 363 205 430 catis,
216 362 317 430 quibus
331 361 408 416 vitae
420 362 538 416 societas
551 362 750 415 contineretur:
769 362 800 414 in
814 363 859 414 his
871 363 970 432 magni

128 460 185 497 esse
194 443 296 496 iudicis
305 447 434 511 statuere,
442 442 604 512 praesertim
614 459 677 495 cum
686 442 717 494 in
726 443 867 512 plerisque
876 449 970 497 essent

127 523 234 578 iudicia
242 523 388 591 contraria,
398 523 467 592 quid
477 539 617 590 qucmque
628 523 728 591 cuique
737 531 877 592 praestare
888 539 970 593 opor·

127 609 206 658 teret.
244 606 286 659 71.
303 604 441 671 Quocirca
453 603 572 658 astutiae
582 603 722 656 tollendae
734 608 800 656 sunt
812 619 899 672 eaque
911 621 970 658 ma-

128 686 198 754 litia,
209 701 280 754 quae
292 687 355 738 vult
369 685 419 738 illa
432 685 548 752 quidem
559 684 650 739 videri
664 699 693 736 se
708 699 766 737 csse
781 684 970 754 prudentiam,

129 768 180 820 scd
199 767 277 818 abest
296 766 331 818 ab
350 782 382 818 ca
400 765 542 833 distatque
559 764 718 833 plurimum.
755 765 909 818 Prudentia
927 771 971 818 est

129 847 204 900 enim
219 847 310 898 locata
328 846 359 897 in
374 846 486 898 delcctu
501 847 638 898 bonorum
656 845 841 912 etmalorum,
853 845 970 914 malitia,

129 928 154 979 si
169 925 269 993 omnia,
280 941 351 992 quae
365 925 459 993 turpia
477 929 550 993 sunt,
564 926 638 977 mala
652 929 725 993 sunt,
738 927 812 978 mala
826 925 907 978 bonis
921 942 971 994 po

129 1006 172 1059 nit
187 1010 259 1058 ante.
296 1005 356 1056 Nec
370 1020 436 1058 vero
455 1003 486 1055 in
500 1005 623 1082 praediis
639 1005 729 1057 solum
746 1005 790 1058 ius
807 1005 890 1060 civile
904 1006 971 1058 duc·

129 1093 190 1138 tum
203 1102 220 1137 a
231 1088 331 1136 natura
343 1083 480 1137 malitiam
489 1083 672 1152 fraudemque
681 1085 815 1154 vindicat,
824 1086 873 1139 sed
885 1085 972 1140 etiam

129 1167 160 1218 in
173 1164 375 1234 mancipiorum
386 1164 550 1220 venditione
562 1164 638 1218 fraus
650 1165 806 1220 venditoris
820 1166 911 1218 omnis
925 1183 976 1219 ex-

130 1247 264 1300 cluditur.
303 1245 359 1313 Qui
374 1245 449 1310 enim
463 1245 534 1298 scire
547 1245 645 1298 debuit
658 1246 694 1298 dc
710 1245 836 1313 sanitate,
847 1247 883 1299 de
894 1245 972 1316 fuga,

131 1329 167 1382 de
176 1327 400 1396 furtis,praestat
409 1325 504 1379 edicto
517 1325 658 1379 aedilium.
692 1327 835 1379 Heredum
844 1325 900 1380 alia
909 1341 974 1380 cau·

132 1425 163 1462 sa
181 1414 230 1462 cst.
267 1409 309 1462 ¹72.
328 1409 444 1476 Exque
462 1407 644 1476 intellegitur,
657 1407 791 1476 quoniam
808 1407 876 1460 iuris
893 1412 975 1460 natu-

131 1506 163 1543 ra
177 1489 240 1542 fons
254 1488 299 1555 sit,
312 1488 368 1540 hoc
386 1489 541 1561 secundum
559 1491 687 1540 naturam
705 1503 772 1556 esse,
786 1487 926 1540 neminem
941 1487 974 1540 id

132 1585 215 1639 agere
229 1574 262 1622 ut
276 1584 311 1620 ex
324 1567 438 1621 alterius
450 1567 599 1637 praedetur
613 1566 732 1621 inscitia.
769 1568 830 1621 Nec
841 1568 900 1620 nlla
912 1583 974 1636 per-

132 1649 219 1702 nicies
239 1648 314 1701 vitae
338 1647 427 1700 maior
449 1647 570 1702 inveniri
591 1651 684 1716 potest
706 1661 791 1715 quam
814 1647 845 1699 in
865 1646 975 1700 malitia

133 1728 275 1784 simulatio
299 1728 516 1798 intellegentiae,
540 1745 575 1780 ex
600 1744 655 1796 quo
679 1727 735 1781 ista
760 1727 975 1780 innumerabilia

132 1813 294 1874 nascuntur,
307 1814 340 1860 ut
354 1808 437 1886 utilia
455 1825 519 1860 curn
533 1807 658 1860 honestis
676 1824 803 1877 pugnare
817 1808 973 1862 videantur.

134 1889 244 1955 Quotus
257 1887 331 1939 enim
347 1887 465 1955 quisque
479 1889 631 1958 reperietur
645 1889 694 1957 qui
708 1889 877 1957 impunitate
892 1893 920 1941 ct
932 1888 975 1958 ig-

133 1968 279 2024 noratione
291 1968 417 2020 omnium
429 1969 574 2039 proposita
587 1970 725 2022 abstinere
737 1969 826 2040 possit
838 1969 963 2022 iniuriat

169 2050 275 2105 XVIII.
313 2051 355 2102 73.
375 2048 575 2118 Periclitemur,
595 2050 619 2102 si
639 2051 739 2120 placet,
754 2051 784 2104 in
804 2050 840 2103 iis
859 2050 976 2118 quidem

135 2129 278 2200 exemplis,
291 2122 321 2182 iu
336 2128 438 2198 quibus
454 2129 565 2200 peccari
578 2131 682 2199 vulgus
700 2130 846 2184 hominum
860 2129 976 2183 fortasse

134 2229 192 2266 non
209 2215 314 2282 putet·
334 2211 433 2278 Neque
455 2210 529 2267 enim
549 2211 585 2263 de
606 2211 721 2277 sicariis,
736 2211 874 2278 veneficis,
893 2215 977 2264 testa-

135 2292 286 2359 mentariis,
294 2290 410 2357 furibus,
420 2291 628 2359 peculatoribus
640 2291 695 2344 boc
707 2292 770 2343 loco
783 2291 977 2344 disserendum

136 2381 187 2442 cst,
202 2373 252 2441 qui
268 2389 326 2424 non
343 2371 436 2426 verbis
456 2375 522 2423 sunt
540 2375 569 2424 ct
586 2371 777 2440 disputatione
794 2372 978 2441 philosopho·

136 2471 206 2520 rum,
215 2454 265 2506 sed
274 2452 375 2505 vinclis
388 2457 415 2504 et
428 2467 536 2504 carcerc
548 2451 697 2521 fatigandi,
707 2453 757 2504 sed
769 2452 839 2505 haec
851 2451 978 2504 conside-
1003 2503 1006 2510 ,

137 2550 236 2598 remus,
247 2549 318 2602 quae
330 2533 439 2586 faciunt
453 2531 482 2600 ii,
493 2531 543 2600 qui
555 2533 699 2585 habentur
705 2531 781 2586 boni.
818 2532 848 2587 L.
859 2531 978 2584 Minucii

137 2612 224 2665 Basili
235 2611 385 2680 locupletis
399 2611 522 2664 hominis
534 2611 635 2664 falsum
648 2615 845 2665 testamentum
860 2611 979 2680 quidam

138 2709 153 2745 e
164 2691 279 2744 Graecia
290 2691 408 2744 Romam
421 2692 581 2745 attulerunt.
619 2691 703 2757 Quod
713 2707 770 2761 qno
782 2691 893 2746 facilius
905 2691 979 2744 obti-

138 2775 244 2838 nerent,
260 2770 429 2839 scripserunt
446 2772 562 2824 heredes
583 2787 677 2824 secum
697 2773 734 2826 M.
749 2774 877 2825 Crassum
896 2776 925 2825 et
944 2772 978 2838 Q.

139 2850 329 2916 Hortensium,
344 2849 471 2902 homines
491 2852 617 2904 eiusdem
636 2853 736 2905 aetatis
753 2852 978 2922 potentissimos:

140 2933 190 3000 qui
210 2949 273 2984 cum
292 2931 365 2982 illud
383 2930 484 2983 falsum
503 2949 561 2984 esse
580 2932 793 3001 suspicarentur,
811 2933 865 2986 sibi
884 2938 980 2986 autem

139 3012 245 3064 nullius
264 3014 355 3063 essent
373 3009 477 3060 conscii
496 3013 603 3080 culpae,
617 3012 701 3064 alieni
718 3012 849 3066 facinoris
867 3029 980 3066 munus-

140 3083 235 3142 culum
250 3105 305 3142 non
320 3085 542 3156 repudiavcrrmt.
581 3089 657 3156 Quid
669 3094 756 3160 ergo?
774 3092 846 3145 satin
859 3093 913 3146 boc
928 3099 980 3162 est,

877 3221 884 3245 Ι
