2256 3448
347 143 417 194 nm.
434 141 482 205 11.‘‚
499 143 578 194 cna
595 143 680 206 1.11.,
699 143 784 204 §1-5.
939 149 987 198 nr

144 228 217 298 quid
234 227 311 296 utile,
326 229 396 296 quid
413 228 520 296 inutile,
535 235 593 280 tum
613 245 648 281 ex
666 228 783 281 utilibus
802 229 873 297 quid
889 231 985 285 utilius

144 313 194 362 aut
209 308 280 376 quid
294 309 416 362 maxime
431 309 507 363 utile.
544 311 587 361 De
603 309 705 376 quibus
720 309 813 363 dicere
828 311 986 380 adgrediar,

144 391 169 442 si
183 405 274 459 pauca
288 389 366 458 prius
381 390 416 442 de
431 389 561 441 instituto
579 405 611 440 ac
626 389 661 441 de
676 388 783 442 iudicio
797 407 860 444 meo
879 391 985 446 dixero,

144 473 168 523 2.
189 469 367 536 Quamquam
386 469 460 522 enim
474 469 539 521 libri
554 467 644 520 nostri
660 471 815 538 complures
829 487 886 524 non
900 472 986 524 modo

143 550 182 602 ad
196 549 318 619 legendi,
331 550 381 602 sed
396 549 481 602 ctiam
496 551 534 602 ad
549 549 691 602 scribendi
709 550 834 603 studium
849 552 986 606 excitave-

143 635 217 699 runt,
227 635 322 684 tamen
334 630 477 685 interdum
486 645 583 683 vereor
594 645 628 682 ne
642 629 812 698 quibusdam
823 632 906 684 bonis
918 633 986 686 viris

143 711 341 782 philosophiae
365 727 467 764 nomen
491 710 529 763 sit
549 709 671 764 invisum
691 709 881 778 mirenturque
902 711 932 764 in
954 730 985 766 ea

142 797 254 844 tantum
271 808 316 844 me
331 807 434 861 ,operae
454 795 483 844 et
502 789 635 860 temporis
652 805 764 860 ponere.
800 792 863 860 Ego
883 798 984 860 autem,

143 887 229 940 quam
241 871 291 924 diu
303 887 347 924 res
358 871 473 941 publica
482 887 532 941 per
544 887 591 924 eos
603 871 759 940 gerebatur,
770 870 872 938 quibus
885 872 985 942 seipsa

140 951 326 1021 commiserat,
337 967 431 1004 omnes
444 967 520 1004 meas
532 967 612 1004 curas
626 951 866 1021 cogitationesque
880 952 911 1005 in
924 969 985 1006 eam

142 1027 325 1084 conferebam.
362 1031 433 1082 Cum
452 1033 545 1082 autem
564 1029 711 1083 dominatu
730 1031 814 1085 unius
834 1033 928 1086 omnia
943 1037 985 1088 ,te-

141 1114 273 1162 nerentur
290 1125 380 1178 neque
399 1114 470 1162 esset
484 1125 603 1178 usquam
621 1110 739 1164 consilio
758 1118 807 1165 aut
822 1114 985 1168 auctoritati

142 1188 229 1256 locus,
247 1187 337 1240 socios
360 1187 481 1255 denique
503 1188 626 1240 tuendae
647 1187 687 1239 rei
709 1187 845 1256 publicae,
862 1205 984 1242 summos

141 1267 224 1336 viros,
238 1267 397 1335 omisissem,
410 1284 462 1321 nec
478 1284 523 1320 me
538 1267 689 1336 angoribus
704 1267 812 1334 dedidi,
827 1268 928 1334 quibus
944 1287 984 1322 es·

141 1365 199 1402 sem
215 1347 363 1416 confectae,
374 1347 429 1401 nisi
441 1347 477 1400 iis
491 1347 660 1414 restitissem,
671 1362 723 1398 nec
737 1363 845 1399 rursum
857 1347 984 1418 indignis

74 1418 77 1426 ’
141 1428 254 1482 homine
270 1429 354 1482 docto
366 1427 566 1498 voluptatibus.
606 1431 630 1481 3.
649 1428 744 1496 Atque
758 1427 866 1480 utinam
879 1445 921 1482 res
934 1447 983 1500 pu-

141 1509 215 1562 blica
230 1509 351 1562 stetisset
366 1526 422 1578 quo
438 1515 568 1578 coeperat
585 1513 659 1561 statu
674 1525 726 1561 nec
740 1507 770 1561 in
784 1509 911 1564 homines
926 1529 983 1564 non

139 1595 198 1642 tam
210 1590 469 1643 commutandarum
481 1605 565 1657 quarn
578 1590 791 1642 evertendarum
802 1606 894 1644 rerum
906 1593 983 1662 cupi·

140 1671 193 1723 dos
213 1669 376 1725 incidissetl
414 1670 540 1724 Primum
562 1671 645 1738 enim,
660 1675 692 1724 ut
712 1676 803 1724 stante
821 1688 850 1724 re
869 1673 982 1742 publica

139 1751 229 1804 facere
248 1752 412 1820 solebamus,
426 1752 457 1804 in
475 1753 586 1822 agendo
604 1754 668 1822 plus
687 1771 771 1823 quam
785 1755 816 1806 in
835 1755 982 1810 scribendo

139 1849 240 1902 operae
258 1850 432 1902 poneremus,
446 1834 549 1887 deinde
567 1835 636 1904 ipsis
655 1836 766 1905 scriptis
784 1854 842 1890 non
857 1855 896 1906 ea,
910 1856 981 1908 quac

138 1930 222 1982 nunc,
238 1916 288 1967 sed
307 1915 429 1968 actiones
448 1921 556 1967 nostras
575 1916 778 1987 mandaremus,
794 1924 826 1972 ut
845 1936 926 1993 saepe
944 1920 982 1973 fc·

138 1996 235 2050 cimus.
273 1998 344 2050 Cum
365 2003 459 2050 autem
480 2015 523 2050 res
545 1999 666 2068 publica,
682 2000 712 2052 in
733 2017 789 2068 qua
810 2002 901 2054 omnis
920 2018 981 2054 mea

138 2092 212 2143 cura,
224 2077 367 2146 cogitatio,
378 2094 463 2147 opera
474 2079 544 2148 poni
557 2080 671 2147 solebat,
683 2082 761 2132 nulla
775 2086 846 2133 esset
859 2082 980 2148 omnino,

137 2157 203 2210 illae
222 2157 329 2210 scilicet
347 2158 457 2212 litterae
476 2159 670 2213 conticuerunt
689 2160 810 2213 forenses
829 2166 857 2213 et
874 2171 980 2214 senato·

138 2237 204 2291 riae.
241 2238 267 2291 4.
285 2238 366 2292 Nihil
384 2255 466 2308 agere
486 2246 580 2292 autem
598 2256 662 2293 cum
680 2240 789 2293 animus
806 2257 863 2292 non
878 2246 979 2309 posset,

137 2317 167 2369 in
182 2317 227 2370 his
244 2319 346 2371 studiis
361 2319 396 2372 ab
411 2319 494 2372 initio
507 2324 631 2374 versatus
648 2320 747 2373 aetatis
762 2320 920 2373 existimavi
932 2321 980 2372 lro-

137 2398 292 2452 nestissime
311 2401 452 2454 molestias
471 2417 552 2470 posse
572 2401 684 2471 deponi,
701 2401 724 2454 si
742 2417 787 2454 me
805 2402 842 2454 ad
859 2402 980 2471 philoso-

137 2479 235 2548 phiam
250 2481 427 2536 rettulissem.
464 2482 517 2536 Oui
532 2499 596 2535 cum
613 2484 733 2535 multum
750 2483 910 2536 adolescens
924 2484 979 2536 dis·

137 2560 221 2612 cendi
240 2577 322 2614 causa
340 2561 474 2631 temporis
491 2563 659 2630 tribuissem,
675 2567 773 2633 postea
792 2579 875 2630 quam
894 2564 980 2615 hono-

137 2641 214 2694 ribus
224 2641 355 2696 inscrvire
369 2644 450 2712 coepi
462 2660 562 2711 meque
572 2649 664 2697 totum
677 2644 716 2697 rei
727 2645 855 2714 publicae
866 2645 978 2711 tradidi,

138 2725 248 2774 tantum
270 2727 328 2776 erat
349 2724 546 2793 philosophiae
569 2725 632 2792 loci,
651 2732 788 2794 quantum
807 2725 980 2795 superfuerat

137 2802 291 2856 amicorum
311 2805 393 2857 atrei
408 2805 537 2874 publicae
554 2806 696 2874 temporis.
733 2807 769 2858 Id
788 2811 881 2859 autem
899 2821 979 2858 omne

137 2884 353 2936 consumebatur
369 2884 400 2936 in
419 2885 549 2954 legendo,
565 2885 708 2938 scribendi
728 2885 817 2938 otium
835 2902 892 2938 non
912 2893 977 2937 erat.

136 2965 173 3018 ΙΙ.
211 2968 236 3018 5.
256 2964 388 3017 Maximis
402 2964 491 3034 igitur
505 2965 535 3016 in
549 2965 630 3017 malis
645 2966 699 3018 hoc
714 2970 808 3017 tamen
821 2965 887 3016 boni
902 2964 979 3015 adsc-

137 3043 196 3096 cuti
218 3045 354 3110 videmur,
374 3049 406 3096 ut
430 3061 462 3096 ea
486 3044 586 3097 litteris
610 3046 813 3108 mandaremus,
833 3057 903 3108 quae
928 3057 979 3092 nec

136 3128 215 3176 erant
227 3124 296 3178 satis
308 3129 375 3177 nota
387 3124 490 3177 nostris
504 3129 531 3176 ct
542 3129 620 3176 erant
632 3123 792 3191 cognitione
806 3119 978 3186 dignissima.

268 3205 296 3247 to
