2256 3448
141 130 188 178 114
451 125 501 174 Du
518 123 670 174 omens

140 215 240 264 natura
255 207 419 278 congregati
436 207 573 260 adhibent
588 206 692 276 agendi
708 205 912 276 cogitandique
931 210 986 262 sol-

140 291 256 344 lertiam.
294 290 400 357 Itaque,
410 287 466 340 nisi
480 304 512 340 ea
524 287 622 352 virtus,
633 303 705 356 qnae
720 293 831 340 constat
844 304 880 340 ex
894 289 985 342 homi-

139 371 222 422 nibus
236 369 356 434 tuendis,
369 368 401 422 id
417 373 467 434 est,
481 384 516 420 cx
532 367 664 422 societate
679 368 790 436 generis
806 369 931 434 humani,
945 375 986 422 at·

139 451 232 520 tingat
247 449 438 519 cognitionem
452 465 551 516 rernm,
564 448 691 517 solivaga
706 448 832 517 cognitio
848 455 876 502 et
891 450 986 503 ieiuna

139 530 277 598 videatur,
287 530 410 598 itemque
424 528 592 598 magnitudo
607 528 702 594 animi,
711 536 819 582 remota
833 545 850 582 a
863 545 986 583 commu-

139 610 227 663 nitate
240 609 494 677 coniunctioneque
506 609 636 675 humana‚
644 607 742 662 feritas
754 609 791 661 sit
804 611 944 677 quaedam
958 617 986 663 et

139 691 306 746 immanitas.
343 692 387 744 Ita
398 690 430 744 fit
442 694 475 742 ut
486 689 582 743 vincat
594 689 765 759 cognitionis
778 690 906 743 studium
920 707 986 743 con-

140 772 256 826 sociatio
275 771 420 824 hominum
438 775 523 838 atque
544 770 739 824 communitas.
777 773 835 824 158.
861 772 921 824 Nec
940 788 986 823 ve·

139 869 202 905 rum
216 858 258 906 est
273 853 350 920 quod
363 851 468 904 dicitur
484 866 500 903 a
515 849 693 917 quibusdam,
706 855 822 920 propter
837 851 986 903 necessita-

140 939 197 986 tem
211 933 293 999 vitae,
307 933 385 998 quod
400 948 440 996 ea,
454 947 525 1000 quae
541 935 643 984 natura
658 931 837 998 desideraret,
851 931 987 1000 consequi

140 1013 198 1064 sine
217 1011 279 1064 aliis
297 1017 382 1079 atque
399 1011 507 1064 efficere
517 1028 581 1087 'non
595 1027 748 1081 possemus,
761 1011 868 1064 idcirco
885 1012 987 1065 initam

139 1108 198 1144 csse
225 1108 289 1144 cum
313 1091 475 1144 hominibus
501 1092 733 1167 communitatem
759 1097 788 1144 et
812 1092 985 1146 societatem.

140 1172 224 1238 Quod
238 1172 262 1226 si
277 1172 370 1224 omnia
384 1172 473 1239 nobis,
485 1188 557 1241 quae
572 1172 610 1224 ad
625 1171 733 1225 victum
747 1174 911 1241 cultumque
923 1189 987 1242 per-

139 1253 238 1321 tinent,
251 1252 331 1322 quasi
343 1251 454 1322 virgula
466 1251 573 1320 divina,
583 1257 616 1305 ut
629 1252 718 1320 aiunt,
729 1253 986 1322 suppeditarentur,

140 1340 201 1388 tum
213 1335 321 1404 optimo
334 1334 451 1403 quisque
463 1333 579 1402 ingenio
591 1333 715 1403 negotiis
730 1333 861 1386 omnibus
876 1334 987 1386 omissis

140 1421 232 1469 totum
244 1433 272 1470 se
284 1415 314 1468 in
327 1413 487 1484 cognitione
499 1419 528 1466 et
538 1414 655 1468 seientia
668 1415 825 1467 collocaret.
863 1415 930 1467 Non
943 1419 988 1466 cst

139 1497 187 1551 ita.
219 1497 293 1550 Nam
304 1500 332 1548 et
341 1495 522 1548 solitudinem
530 1493 640 1564 fugeret
650 1499 679 1546 et
688 1494 795 1547 socium
804 1494 893 1546 studii
903 1511 987 1563 qnae-

140 1582 220 1645 reret,
242 1581 303 1630 tum
327 1577 435 1642 docere,
457 1581 519 1627 tum
543 1575 652 1628 discere
676 1575 769 1640 vellet,
790 1579 852 1626 tum
877 1575 985 1642 audire,

140 1664 201 1712 tum
220 1657 319 1710 dicere.
356 1658 432 1726 Ergo
451 1671 532 1708 omne
552 1655 683 1720 officium,
701 1655 777 1722 quod
797 1655 834 1708 ad
852 1655 987 1708 coniunc-

140 1739 247 1790 tionem
262 1737 408 1796 hominum
423 1741 451 1790 et
466 1736 503 1790 ad
519 1736 683 1790 societatem
697 1736 831 1789 tuendam
843 1737 927 1803 valet,
937 1753 986 1788 an-

140 1818 331 1886 teponendum
347 1823 391 1870 est
405 1818 448 1870 illi
464 1817 566 1886 officio,
580 1819 657 1886 quod
674 1817 837 1886 cognitione
854 1822 883 1870 et
898 1817 987 1870 seien-

140 1897 181 1950 tia
193 1896 360 1949 continetur.
392 1898 477 1953 XLV.
499 1901 558 1952 159.
574 1898 651 1951 Illud
663 1897 781 1952 forsitan
793 1899 987 1966 quaerendum

141 1977 184 2046 sit,
193 1993 261 2030 num
273 1977 342 2029 haec
355 1978 547 2045 communitas,
557 1995 628 2048 quae
641 1978 762 2032 maxime
774 1985 817 2031 est
826 1983 894 2047 apta
906 1985 987 2031 natu-

141 2076 194 2127 rae,
207 2057 245 2112 sit
259 2058 344 2112 etiam
358 2058 545 2113 moderationi
561 2059 770 2129 modestiaeque
783 2075 897 2128 semper
910 2065 987 2112 ante-

140 2140 279 2210 ponenda.
316 2140 382 2193 Non
400 2140 500 2209 placet.
540 2140 611 2192 Sunt
628 2139 703 2194 enim
723 2139 862 2208 quaedam
881 2139 986 2208 partim

105 2285 107 2290 Ι
140 2221 181 2274 ita
195 2221 286 2288 foeda,
299 2220 402 2290 partim
417 2220 457 2272 ita
470 2218 621 2288 flagitiosa,
634 2225 714 2272 ntea
728 2237 763 2272 ne
779 2219 986 2280 conservandae

141 2303 256 2371 quidem
273 2302 379 2372 patriae
398 2317 481 2354 causa
499 2300 610 2370 sapiens
624 2300 749 2353 facturus
767 2299 812 2351 sit.
851 2299 893 2352 Ea
908 2299 986 2352 Posi·

142 2384 243 2436 deuius
260 2382 375 2452 collegit
388 2382 534 2450 permulta,
551 2383 602 2435 sed
619 2380 660 2434 ita
677 2379 986 2447 taet1·aquaedam‚ita

142 2463 268 2530 obscena,
291 2467 323 2515 ut
347 2462 427 2515 dictu
451 2477 563 2530 quoque
587 2461 737 2515 videantur
760 2459 862 2529 turpia.
908 2460 986 2511 Haec

141 2542 229 2610 igitur
243 2559 300 2594 non
314 2541 448 2611 suscipiet
460 2541 501 2594 rei
515 2542 646 2610 publicae
662 2557 753 2608 causa,
763 2557 798 2592 ne
813 2556 857 2592 res
871 2538 986 2608 publica

142 2622 258 2689 quidem
272 2637 323 2689 pro
339 2639 367 2675 se
383 2622 489 2691 suscipi
503 2624 587 2676 volet.
626 2623 683 2675 Sed
698 2623 756 2674 hoc
767 2619 946 2674 commodius¹
956 2635 985 2671 sc

142 2718 184 2754 res
196 2700 289 2767 habet,
299 2703 376 2769 quod
386 2718 444 2753 non
456 2707 550 2770 potest
562 2702 689 2756 accidere
702 2707 820 2770 tempus,
829 2704 862 2752 ut
874 2698 987 2752 intersit

142 2781 182 2834 rei
190 2779 321 2850 publicae
332 2782 489 2849 quidquam
501 2782 614 2835 illorum
624 2782 715 2835 facere
728 2782 890 2851 sapientem.
927 2781 985 2833 160.

93 2855 95 2861 ’
142 2863 204 2929 Qua
219 2878 248 2914 re
265 2863 319 2914 hoc
334 2862 449 2930 quidem
465 2863 594 2916 effectum
608 2863 652 2929 sit,
665 2863 695 2914 in
711 2863 811 2915 officiis
826 2860 987 2931 deligendis

142 2944 173 2996 id
186 2960 274 3013 genus
289 2942 442 2996 officiorum
457 2944 599 3010 excellere,
610 2943 687 3011 quod
700 2947 827 2996 teneatur
839 2943 986 3000 homiuum

143 3025 283 3077 societate.
316 3022 429 3074 Etenim
441 3022 630 3089 cognitionem
642 3023 876 3091 prudentiamque
890 3039 986 3091 seque-

143 3108 189 3154 tur
210 3102 385 3155 considerate
407 3099 488 3152 actio.
534 3101 578 3152 Ita
598 3102 630 3154 fit
651 3108 684 3154 ut
705 3119 787 3171 agere
810 3102 986 3156 considerate
