2272 3442
303 145 371 194 LIB.
388 145 421 207 1,
438 145 515 195 CAP.
532 145 713 208 XV.-XVlI.,
730 145 744 205 ᾖ
760 147 848 195 ali-53,
967 148 999 193 79

159 229 222 279 tura
236 227 364 295 ferarum,
375 228 406 280 in
425 229 527 296 quibus
545 230 635 283 inesse
649 213 844 283 fortitudiirem
861 246 943 298 saepe
958 229 1000 281 di-

160 306 256 374 cimus,
270 313 302 359 ut
316 307 346 359 in
365 309 450 376 equis,
463 309 494 360 in
512 311 648 378 leonibus,
662 310 807 378 iustitiam,
821 311 998 378 aequitatem,

161 388 315 440 bonitatem
324 405 381 439 non
392 389 525 442 dicimus:
542 396 606 442 sunt
617 390 691 441 enim
703 391 818 442 rationis
828 396 855 442 et
865 389 999 442 orationis

161 472 295 534 expertes,
333 469 375 520 51.
392 468 434 520 Aa
447 468 582 520 latissime
598 469 712 536 quidem
727 475 826 538 patens
838 470 999 523 hominibus
1050 468 1053 473 ’

160 547 236 599 inter
247 547 331 616 ipsos,
342 548 471 600 omnibus
485 548 560 600 inter
572 565 667 601 omnes
682 551 799 602 societas
811 552 881 603 haee
893 555 949 602 est:
968 549 1000 601 in

160 643 217 694 qua
242 626 368 679 omnium
389 643 577 696 rerumquae
602 629 639 680 ad
661 645 834 681 communem
854 629 1000 681 hominum

160 723 242 759 usum
251 712 349 760 natura
362 709 467 777 genuit,
478 713 519 761 est
528 712 662 762 servanda
677 709 868 776 communitae,
878 713 918 776 ut,
929 725 1000 775 quae

160 787 301 856 descripta
320 793 385 840 sunt
403 789 512 857 legibus
528 793 557 842 et
571 789 630 841 iure
649 788 734 857 civili,
747 790 816 842 haec
834 789 875 840 ita
889 794 1000 840 tenean-

159 871 213 932 tur,
226 870 258 918 ut
276 857 313 919 sit
331 865 529 919 constitutum:
549 881 565 918 e
582 865 683 933 quibus
699 865 769 934 ipsis
788 869 879 920 cetera
888 867 935 924 sio
954 867 1000 919 ob-

159 949 310 1014 serventur,
320 950 352 998 ut
368 946 398 998 in
415 947 582 998 Graecorum
600 945 749 1014 proverbio
769 947 1000 1000 estrAmieoram

159 1041 210 1076 erae
221 1024 371 1076 eommunia
384 1023 481 1077 amaia.
520 1025 621 1077 Omnia
633 1029 727 1076 autem
740 1023 898 1076 communia
910 1023 999 1076 homi-

159 1121 227 1156 nurn
235 1105 367 1158 videntur
377 1121 416 1169 ea,
425 1119 496 1170 quae
507 1108 572 1156 sunt
581 1105 690 1172 generis
699 1105 766 1171 eius,
776 1105 853 1172 quod
864 1105 899 1157 ab
906 1103 999 1172 Ennio

160 1184 283 1252 positum
295 1184 325 1236 in
337 1199 394 1236 una
406 1199 435 1236 re
448 1183 591 1237 transferri
603 1184 633 1236 in
645 1186 800 1253 permultas
811 1189 919 1254 potest:

302 1338 308 1349 .
322 1338 327 1349 .
341 1338 346 1348 .
360 1304 446 1360 homo,
457 1303 501 1360 qui
512 1303 725 1354 errantieomiter
735 1305 862 1350 monstrat
874 1303 947 1361 riam,

218 1369 295 1426 Quasi
306 1371 392 1416 lumen
403 1371 438 1422 de,
447 1382 493 1414 suo
504 1370 601 1414 lumine
611 1371 732 1415 accendat
742 1371 815 1415 facit:
985 1367 987 1374 ’

219 1439 305 1484 Nihilo
317 1439 402 1484 minus
413 1438 463 1496 ipsi
473 1438 552 1496 lueet,
563 1451 621 1488 cum
633 1439 671 1484 illi
681 1439 831 1484 accenderit.

161 1559 224 1612 Una
242 1575 277 1610 ex
295 1573 324 1610 re
346 1557 413 1610 satis
431 1557 610 1628 praecipitur,
624 1562 663 1627 ut,
678 1557 819 1627 quidquid
838 1557 897 1610 sine
916 1557 1000 1611 detri-

160 1645 254 1692 mento
269 1639 439 1691 commodari
454 1639 550 1708 possit,
564 1639 596 1691 id
609 1639 748 1692 tribuatur
758 1640 807 1704 ,vel
817 1638 925 1708 ignoto.
957 1641 999 1691 52.

159 1722 204 1772 Ex
217 1736 272 1788 quo
286 1724 350 1771 sunt
362 1719 412 1772 illa
424 1720 589 1788 communia,
599 1723 614 1748 “
623 1737 680 1772 non
692 1720 841 1790 prohibere
853 1736 926 1789 aqua
938 1735 1000 1788 pro-

160 1801 272 1868 fluente,
285 1799 346 1869 pati
361 1801 396 1852 ab
410 1800 476 1870 igne
491 1801 586 1870 ignem
602 1817 707 1870 capere,
721 1801 745 1853 si
758 1795 807 1870 qu'i
821 1801 898 1868 velit,
911 1799 1000 1854 consi-

160 1882 229 1933 lium
243 1881 326 1934 fidele
342 1880 509 1952 deliberanti
524 1882 615 1948 dare,’'
630 1897 700 1950 quae
716 1887 781 1952 sunt
796 1881 831 1934 iis
848 1881 937 1948 utilia,
952 1879 1000 1948 qui

160 1961 311 2030 accipiunt,
323 1961 402 2014 danti
415 1977 472 2013 non
486 1962 611 2015 molesta.
649 1963 711 2028 Qua
725 1979 754 2014 re
767 1962 852 2015 ethis
864 1961 1001 2014 utendum

161 2045 202 2092 est
217 2047 245 2092 et
259 2057 366 2109 semper
384 2041 493 2109 aliquid
508 2041 546 2094 ad
561 2057 735 2094 communem
753 2042 906 2094 utilitatem
925 2039 1001 2093 adfe-

160 2121 285 2172 rendum.
315 2122 370 2173 Sed
381 2121 515 2188 quoniam
524 2121 621 2189 copiae
630 2138 734 2190 parvae
744 2121 917 2190 singulorum
927 2125 999 2188 sunt,

161 2216 256 2252 eorum
276 2205 377 2266 autem,
393 2201 442 2268 qui
461 2201 506 2252 his
525 2206 635 2269 egeant,
650 2201 761 2254 infinita
779 2206 820 2254 est
837 2201 999 2270 multitudo,

160 2279 285 2348 vulgaris
297 2279 450 2332 liberalitas
460 2279 604 2335 referenda
616 2286 658 2334 est
667 2282 704 2334 ad
713 2282 793 2333 illum
805 2281 891 2334 Ennii
902 2282 999 2336 finem:

85 2376 86 2382 ¹
160 2359 255 2413 Natio
272 2359 363 2410 minua
382 2359 437 2426 ipsi
452 2359 525 2428 lucet,
540 2365 571 2412 ut
586 2360 711 2413 facultas.
723 2361 760 2413 sit
775 2376 830 2429 qua
847 2361 878 2412 in
892 2365 1001 2413 nostros

161 2441 246 2492 simus
259 2439 394 2492 liberales.
625 2430 635 2450 '

196 2520 286 2575 XVII.
314 2521 356 2574 53.
377 2520 487 2572 Gradus
502 2524 595 2574 autem
609 2521 703 2590 plures
718 2525 782 2574 sunt
798 2521 938 2574 societatis
951 2523 1000 2574 lro-

161 2601 275 2654 minum.
313 2601 352 2654 Ut
367 2600 440 2653 enim
459 2601 559 2654 abillo
577 2602 873 2671 infinitediscedatur,
886 2603 1001 2672 propior

162 2687 204 2734 est
219 2681 342 2733 eiusdem
361 2682 462 2750 gentis,
473 2681 601 2750 nationis,
612 2683 734 2752 linguae,
745 2699 800 2751 qua
817 2684 937 2736 maxime
952 2685 1001 2736 ho-

161 2760 250 2812 mines
265 2760 487 2830 coniunguntur:
507 2762 623 2814 interius
638 2763 723 2815 etiam
741 2766 783 2815 est
802 2763 925 2816 eiusdem
944 2781 1000 2816 esse

162 2840 293 2895 civitatis.
324 2841 414 2893 Multa
424 2841 498 2894 enim
511 2847 576 2894 sunt
589 2843 697 2894 civibus
706 2843 778 2894 inter
790 2859 818 2894 se
828 2844 999 2896 communia:
1081 2873 1082 2876 =

161 2921 260 2989 forum,
269 2921 342 2989 fana,
352 2921 486 2990 porticus,
495 2921 565 2989 viae,
573 2923 655 2992 leges,
664 2923 733 2989 iura,
741 2922 854 2989 iudicia,
863 2923 999 2990 suffragia,

162 3001 379 3054 eonsuetudines
387 3007 527 3070 praeterea
536 3006 563 3055 et
571 3001 772 3054 familiaritates
779 3001 929 3067 multisque
938 3016 1001 3051 cum

161 3081 259 3134 multis
273 3097 315 3133 res
331 3080 507 3149 rationesque
527 3087 695 3134 contractae.
732 3079 829 3132 Artior
843 3083 909 3130 vero
924 3078 1001 3130 colli-
