<?xml version="1.0" encoding="UTF-8"?>
<!DOCTYPE html PUBLIC "-//W3C//DTD XHTML 1.0 Transitional//EN"
    "http://www.w3.org/TR/xhtml1/DTD/xhtml1-transitional.dtd">
<html xmlns="http://www.w3.org/1999/xhtml" xml:lang="en" lang="en">
 <head>
  <title>
</title>
<meta http-equiv="Content-Type" content="text/html;charset=utf-8" />
  <meta name='ocr-system' content='tesseract 3.04.00' />
  <meta name='ocr-capabilities' content='ocr_page ocr_carea ocr_par ocr_line ocrx_word'/>
</head>
<body>
  <div class='ocr_page' id='page_1' title='image "./mtulliiciceroni01longgoog_0076.png"; bbox 0 0 2272 3442; ppageno 0'>
   <div class='ocr_carea' id='block_1_1' title="bbox 326 154 982 218">
    <p class='ocr_par' dir='ltr' id='par_1_1' title="bbox 326 154 982 218">
     <span class='ocr_line' id='line_1_1' title="bbox 326 154 982 218; baseline -0.006 -12"><span class='ocrx_word' id='word_1_1' title='bbox 326 157 394 206; x_wconf 79' lang='lat' dir='ltr'>rra.</span> <span class='ocrx_word' id='word_1_2' title='bbox 409 157 442 218; x_wconf 92' lang='lat'>1.‚</span> <span class='ocrx_word' id='word_1_3' title='bbox 463 156 540 206; x_wconf 74' lang='lat' dir='ltr'>aar.</span> <span class='ocrx_word' id='word_1_4' title='bbox 558 154 705 216; x_wconf 79' lang='lat' dir='ltr'>rr.-1v.‚§</span> <span class='ocrx_word' id='word_1_5' title='bbox 723 157 795 204; x_wconf 81' lang='grc' dir='ltr'>ι-ιι.</span> <span class='ocrx_word' id='word_1_6' title='bbox 950 157 982 202; x_wconf 79' lang='grc' dir='ltr'>ιι</span> 
     </span>
    </p>
   </div>
   <div class='ocr_carea' id='block_1_2' title="bbox 99 236 1046 3190">
    <p class='ocr_par' dir='ltr' id='par_1_2' title="bbox 99 236 1046 2152">
     <span class='ocr_line' id='line_1_2' title="bbox 142 236 983 309; baseline -0.007 -15"><span class='ocrx_word' id='word_1_7' title='bbox 142 258 192 294; x_wconf 88' lang='lat' dir='ltr'>cur</span> <span class='ocrx_word' id='word_1_8' title='bbox 200 241 307 294; x_wconf 85' lang='lat' dir='ltr'>factum</span> <span class='ocrx_word' id='word_1_9' title='bbox 317 241 353 292; x_wconf 90' lang='lat' dir='ltr'>sit</span> <span class='ocrx_word' id='word_1_10' title='bbox 362 239 434 292; x_wconf 91' lang='lat' dir='ltr'>ratio</span> <span class='ocrx_word' id='word_1_11' title='bbox 446 239 601 309; x_wconf 87' lang='lat' dir='ltr'>probabilis</span> <span class='ocrx_word' id='word_1_12' title='bbox 613 238 695 292; x_wconf 88' lang='lat' dir='ltr'>reddi</span> <span class='ocrx_word' id='word_1_13' title='bbox 704 237 800 307; x_wconf 81' lang='lat' dir='ltr'>possit.</span> <span class='ocrx_word' id='word_1_14' title='bbox 833 239 857 291; x_wconf 84' lang='lat'>9.</span> <span class='ocrx_word' id='word_1_15' title='bbox 866 236 983 306; x_wconf 83' lang='lat' dir='ltr'>-Triplex</span> 
     </span>
     <span class='ocr_line' id='line_1_3' title="bbox 142 317 1012 391; baseline -0.008 -18"><span class='ocrx_word' id='word_1_16' title='bbox 142 323 231 391; x_wconf 81' lang='lat' dir='ltr'>igitur</span> <span class='ocrx_word' id='word_1_17' title='bbox 243 326 293 388; x_wconf 86' lang='lat' dir='ltr'>cst,</span> <span class='ocrx_word' id='word_1_18' title='bbox 302 325 333 372; x_wconf 90' lang='lat' dir='ltr'>ut</span> <span class='ocrx_word' id='word_1_19' title='bbox 342 320 477 372; x_wconf 81' lang='lat' dir='ltr'>Panaetio</span> <span class='ocrx_word' id='word_1_20' title='bbox 486 319 605 387; x_wconf 88' lang='lat' dir='ltr'>videtur,</span> <span class='ocrx_word' id='word_1_21' title='bbox 616 317 727 370; x_wconf 89' lang='lat' dir='ltr'>consilii</span> <span class='ocrx_word' id='word_1_22' title='bbox 738 317 870 387; x_wconf 87' lang='lat' dir='ltr'>capiendi</span> <span class='ocrx_word' id='word_1_23' title='bbox 879 317 981 370; x_wconf 84' lang='lat' dir='ltr'>deliba·</span> <span class='ocrx_word' id='word_1_24' title='bbox 1008 360 1012 366; x_wconf 93' lang='lat'>.</span> 
     </span>
     <span class='ocr_line' id='line_1_4' title="bbox 142 398 982 466; baseline -0.006 -12"><span class='ocrx_word' id='word_1_25' title='bbox 142 403 221 456; x_wconf 89' lang='lat' dir='ltr'>ratio.</span> <span class='ocrx_word' id='word_1_26' title='bbox 259 403 333 454; x_wconf 86' lang='lat' dir='ltr'>Nam</span> <span class='ocrx_word' id='word_1_27' title='bbox 348 404 396 452; x_wconf 90' lang='lat' dir='ltr'>aut</span> <span class='ocrx_word' id='word_1_28' title='bbox 411 401 594 452; x_wconf 78' lang='lat' dir='ltr'><strong>honestumne</strong></span> <span class='ocrx_word' id='word_1_29' title='bbox 607 398 683 451; x_wconf 86' lang='lat' dir='ltr'>factu</span> <span class='ocrx_word' id='word_1_30' title='bbox 702 398 739 450; x_wconf 85' lang='lat' dir='ltr'>sit</span> <span class='ocrx_word' id='word_1_31' title='bbox 758 415 793 450; x_wconf 93' lang='lat' dir='ltr'>an</span> <span class='ocrx_word' id='word_1_32' title='bbox 808 403 889 466; x_wconf 84' lang='lat' dir='ltr'>turpe</span> <span class='ocrx_word' id='word_1_33' title='bbox 902 398 982 450; x_wconf 85' lang='lat' dir='ltr'>dubi·</span> 
     </span>
     <span class='ocr_line' id='line_1_5' title="bbox 142 477 983 549; baseline -0.005 -15"><span class='ocrx_word' id='word_1_34' title='bbox 142 487 212 549; x_wconf 86' lang='lat' dir='ltr'>tant,</span> <span class='ocrx_word' id='word_1_35' title='bbox 222 482 254 534; x_wconf 89' lang='lat' dir='ltr'>id</span> <span class='ocrx_word' id='word_1_36' title='bbox 264 481 358 549; x_wconf 89' lang='lat' dir='ltr'>quod&#39;</span> <span class='ocrx_word' id='word_1_37' title='bbox 351 497 381 532; x_wconf 90' lang='grc' dir='ltr'>ιιι</span> <span class='ocrx_word' id='word_1_38' title='bbox 394 479 623 534; x_wconf 73' lang='lat' dir='ltr'>deliberationem</span> <span class='ocrx_word' id='word_1_39' title='bbox 635 477 726 531; x_wconf 87' lang='lat' dir='ltr'>cadit:</span> <span class='ocrx_word' id='word_1_40' title='bbox 745 478 775 530; x_wconf 91' lang='lat' dir='ltr'>in</span> <span class='ocrx_word' id='word_1_41' title='bbox 788 495 843 546; x_wconf 90' lang='lat' dir='ltr'>quo</span> <span class='ocrx_word' id='word_1_42' title='bbox 857 478 983 530; x_wconf 86' lang='lat' dir='ltr'>conside-</span> 
     </span>
     <span class='ocr_line' id='line_1_6' title="bbox 143 558 981 630; baseline -0.005 -16"><span class='ocrx_word' id='word_1_43' title='bbox 143 563 232 614; x_wconf 88' lang='lat' dir='ltr'>rando</span> <span class='ocrx_word' id='word_1_44' title='bbox 241 578 321 630; x_wconf 87' lang='lat' dir='ltr'>saepe</span> <span class='ocrx_word' id='word_1_45' title='bbox 329 576 417 613; x_wconf 85' lang='lat' dir='ltr'>animi</span> <span class='ocrx_word' id='word_1_46' title='bbox 424 576 454 611; x_wconf 89' lang='grc' dir='ltr'>ιιι</span> <span class='ocrx_word' id='word_1_47' title='bbox 463 559 614 611; x_wconf 89' lang='lat' dir='ltr'>contranas</span> <span class='ocrx_word' id='word_1_48' title='bbox 621 574 669 610; x_wconf 86' lang='lat' dir='ltr'>sen</span> <span class='ocrx_word' id='word_1_49' title='bbox 670 558 771 610; x_wconf 88' lang='lat' dir='ltr'>tentias</span> <span class='ocrx_word' id='word_1_50' title='bbox 781 559 940 610; x_wconf 87' lang='lat' dir='ltr'>distrahunt</span> <span class='ocrx_word' id='word_1_51' title='bbox 929 563 981 612; x_wconf 89' lang='lat' dir='ltr'>t.ur</span> 
     </span>
     <span class='ocr_line' id='line_1_7' title="bbox 143 626 983 706; baseline -0.002 -14"><span class='ocrx_word' id='word_1_52' title='bbox 143 643 216 694; x_wconf 86' lang='lat' dir='ltr'>Tum</span> <span class='ocrx_word' id='word_1_53' title='bbox 229 645 322 693; x_wconf 88' lang='lat' dir='ltr'>autern</span> <span class='ocrx_word' id='word_1_54' title='bbox 332 645 381 692; x_wconf 88' lang='lat' dir='ltr'>aut</span> <span class='ocrx_word' id='word_1_55' title='bbox 390 638 542 706; x_wconf 85' lang='lat' dir='ltr'>anquirunt</span> <span class='ocrx_word' id='word_1_56' title='bbox 552 644 600 690; x_wconf 90' lang='lat' dir='ltr'>aut</span> <span class='ocrx_word' id='word_1_57' title='bbox 609 639 717 690; x_wconf 87' lang='lat' dir='ltr'>consult</span> <span class='ocrx_word' id='word_1_58' title='bbox 719 626 768 689; x_wconf 84' lang='lat' dir='ltr'>ant</span> <span class='ocrx_word' id='word_1_59' title='bbox 779 638 816 690; x_wconf 88' lang='lat' dir='ltr'>ad</span> <span class='ocrx_word' id='word_1_60' title='bbox 826 639 900 690; x_wconf 91' lang='lat' dir='ltr'>vitae</span> <span class='ocrx_word' id='word_1_61' title='bbox 911 655 983 690; x_wconf 89' lang='lat' dir='ltr'>com-</span> 
     </span>
     <span class='ocr_line' id='line_1_8' title="bbox 143 716 983 785; baseline -0.002 -13"><span class='ocrx_word' id='word_1_62' title='bbox 143 721 309 773; x_wconf 86' lang='lat' dir='ltr'>moditatem</span> <span class='ocrx_word' id='word_1_63' title='bbox 318 718 448 773; x_wconf 88' lang='lat' dir='ltr'>iucundit</span> <span class='ocrx_word' id='word_1_64' title='bbox 437 717 586 785; x_wconf 87' lang='lat' dir='ltr'>tatemque,</span> <span class='ocrx_word' id='word_1_65' title='bbox 597 719 634 770; x_wconf 79' lang='lat' dir='ltr'>acl</span> <span class='ocrx_word' id='word_1_66' title='bbox 643 716 790 770; x_wconf 83' lang='lat' dir='ltr'>facultates</span> <span class='ocrx_word' id='word_1_67' title='bbox 799 733 890 769; x_wconf 91' lang='lat' dir='ltr'>rerum</span> <span class='ocrx_word' id='word_1_68' title='bbox 900 723 983 785; x_wconf 89' lang='lat' dir='ltr'>atque</span> 
     </span>
     <span class='ocr_line' id='line_1_9' title="bbox 144 797 983 870; baseline -0.005 -16"><span class='ocrx_word' id='word_1_69' title='bbox 144 801 247 870; x_wconf 88' lang='lat' dir='ltr'>copias,</span> <span class='ocrx_word' id='word_1_70' title='bbox 259 802 296 854; x_wconf 90' lang='lat' dir='ltr'>ad</span> <span class='ocrx_word' id='word_1_71' title='bbox 311 817 386 870; x_wconf 90' lang='lat' dir='ltr'>opes,</span> <span class='ocrx_word' id='word_1_72' title='bbox 397 800 433 852; x_wconf 93' lang='lat' dir='ltr'>ad</span> <span class='ocrx_word' id='word_1_73' title='bbox 445 815 483 868; x_wconf 93' lang='lat' dir='ltr'>po</span> <span class='ocrx_word' id='word_1_74' title='bbox 484 797 609 866; x_wconf 90' lang='lat' dir='ltr'>tentiam,</span> <span class='ocrx_word' id='word_1_75' title='bbox 620 797 731 866; x_wconf 83' lang='lat' dir='ltr'>quibus·</span> <span class='ocrx_word' id='word_1_76' title='bbox 738 801 767 849; x_wconf 92' lang='lat' dir='ltr'>et</span> <span class='ocrx_word' id='word_1_77' title='bbox 779 813 807 850; x_wconf 91' lang='lat' dir='ltr'>se</span> <span class='ocrx_word' id='word_1_78' title='bbox 821 797 951 866; x_wconf 85' lang='lat' dir='ltr'>possint</span> <span class='ocrx_word' id='word_1_79' title='bbox 943 815 983 850; x_wconf 89' lang='grc' dir='ltr'>ιιι-</span> 
     </span>
     <span class='ocr_line' id='line_1_10' title="bbox 143 877 982 948; baseline 0 -16"><span class='ocrx_word' id='word_1_80' title='bbox 143 897 208 934; x_wconf 84' lang='lat' dir='ltr'>rare</span> <span class='ocrx_word' id='word_1_81' title='bbox 227 885 255 934; x_wconf 86' lang='lat' dir='ltr'>et</span> <span class='ocrx_word' id='word_1_82' title='bbox 274 897 346 948; x_wconf 85' lang='lat' dir='ltr'>suos,</span> <span class='ocrx_word' id='word_1_83' title='bbox 360 879 502 932; x_wconf 89' lang='lat' dir='ltr'>conducat</span> <span class='ocrx_word' id='word_1_84' title='bbox 521 877 553 930; x_wconf 91' lang='lat' dir='ltr'>id</span> <span class='ocrx_word' id='word_1_85' title='bbox 570 893 666 945; x_wconf 89' lang='lat' dir='ltr'>necne,</span> <span class='ocrx_word' id='word_1_86' title='bbox 680 877 716 930; x_wconf 89' lang='lat' dir='ltr'>dc</span> <span class='ocrx_word' id='word_1_87' title='bbox 735 893 792 946; x_wconf 91' lang='lat' dir='ltr'>quo</span> <span class='ocrx_word' id='word_1_88' title='bbox 811 877 982 933; x_wconf 87' lang='lat' dir='ltr'>deliberant:</span> 
     </span>
     <span class='ocr_line' id='line_1_11' title="bbox 144 957 982 1027; baseline 0 -15"><span class='ocrx_word' id='word_1_89' title='bbox 144 977 216 1027; x_wconf 88' lang='lat' dir='ltr'>quae</span> <span class='ocrx_word' id='word_1_90' title='bbox 238 960 404 1014; x_wconf 81' lang='lat' dir='ltr'>deliberatio</span> <span class='ocrx_word' id='word_1_91' title='bbox 427 958 518 1011; x_wconf 85' lang='lat' dir='ltr'>omnis</span> <span class='ocrx_word' id='word_1_92' title='bbox 539 958 570 1010; x_wconf 93' lang='lat' dir='ltr'>in</span> <span class='ocrx_word' id='word_1_93' title='bbox 591 957 728 1010; x_wconf 87' lang='lat' dir='ltr'>rationem</span> <span class='ocrx_word' id='word_1_94' title='bbox 749 957 880 1010; x_wconf 85' lang='lat' dir='ltr'>utilitatis</span> <span class='ocrx_word' id='word_1_95' title='bbox 898 958 982 1012; x_wconf 87' lang='lat' dir='ltr'>cadit.</span> 
     </span>
     <span class='ocr_line' id='line_1_12' title="bbox 144 1029 986 1110; baseline -0.002 -20"><span class='ocrx_word' id='word_1_96' title='bbox 144 1038 270 1090; x_wconf 88' lang='lat' dir='ltr'>Tertium</span> <span class='ocrx_word' id='word_1_97' title='bbox 289 1039 443 1092; x_wconf 85' lang='lat' dir='ltr'>dubitandi</span> <span class='ocrx_word' id='word_1_98' title='bbox 460 1055 550 1110; x_wconf 86' lang='lat' dir='ltr'>genus</span> <span class='ocrx_word' id='word_1_99' title='bbox 571 1043 621 1106; x_wconf 89' lang='lat' dir='ltr'>est,</span> <span class='ocrx_word' id='word_1_100' title='bbox 637 1054 702 1092; x_wconf 91' lang='lat' dir='ltr'>cum</span> <span class='ocrx_word' id='word_1_101' title='bbox 724 1029 853 1106; x_wconf 80' lang='lat' dir='ltr'>pugnare</span> <span class='ocrx_word' id='word_1_102' title='bbox 873 1036 986 1090; x_wconf 86' lang='lat' dir='ltr'>videtur</span> 
     </span>
     <span class='ocr_line' id='line_1_13' title="bbox 144 1116 985 1186; baseline 0 -18"><span class='ocrx_word' id='word_1_103' title='bbox 144 1133 207 1169; x_wconf 92' lang='lat' dir='ltr'>cum</span> <span class='ocrx_word' id='word_1_104' title='bbox 222 1119 342 1170; x_wconf 86' lang='lat' dir='ltr'>honesto</span> <span class='ocrx_word' id='word_1_105' title='bbox 357 1118 396 1185; x_wconf 87' lang='lat' dir='ltr'>id,</span> <span class='ocrx_word' id='word_1_106' title='bbox 411 1121 489 1186; x_wconf 91' lang='lat' dir='ltr'>quod</span> <span class='ocrx_word' id='word_1_107' title='bbox 504 1119 617 1172; x_wconf 89' lang='lat' dir='ltr'>videtur</span> <span class='ocrx_word' id='word_1_108' title='bbox 633 1134 692 1171; x_wconf 90' lang='lat' dir='ltr'>esse</span> <span class='ocrx_word' id='word_1_109' title='bbox 707 1119 785 1170; x_wconf 91' lang='lat' dir='ltr'>utile.</span> <span class='ocrx_word' id='word_1_110' title='bbox 825 1118 895 1169; x_wconf 86' lang='lat' dir='ltr'>Oum</span> <span class='ocrx_word' id='word_1_111' title='bbox 911 1116 985 1168; x_wconf 90' lang='lat' dir='ltr'>enim</span> 
     </span>
     <span class='ocr_line' id='line_1_14' title="bbox 99 1197 985 1267; baseline -0.001 -18"><span class='ocrx_word' id='word_1_112' title='bbox 99 1225 105 1236; x_wconf 94' lang='lat'><strong>·</strong></span> <span class='ocrx_word' id='word_1_113' title='bbox 143 1198 252 1250; x_wconf 86' lang='lat' dir='ltr'>utilitas</span> <span class='ocrx_word' id='word_1_114' title='bbox 270 1199 308 1250; x_wconf 89' lang='lat' dir='ltr'>ud</span> <span class='ocrx_word' id='word_1_115' title='bbox 323 1215 353 1251; x_wconf 86' lang='lat' dir='ltr'>se</span> <span class='ocrx_word' id='word_1_116' title='bbox 371 1215 475 1267; x_wconf 86' lang='lat' dir='ltr'>rapere,</span> <span class='ocrx_word' id='word_1_117' title='bbox 489 1200 622 1252; x_wconf 86' lang='lat' dir='ltr'>honestas</span> <span class='ocrx_word' id='word_1_118' title='bbox 640 1203 738 1250; x_wconf 88' lang='lat' dir='ltr'>contra</span> <span class='ocrx_word' id='word_1_119' title='bbox 753 1213 882 1251; x_wconf 87' lang='lat' dir='ltr'>revocare</span> <span class='ocrx_word' id='word_1_120' title='bbox 902 1197 938 1248; x_wconf 87' lang='lat' dir='ltr'>ad</span> <span class='ocrx_word' id='word_1_121' title='bbox 957 1213 985 1248; x_wconf 92' lang='lat' dir='ltr'>se</span> 
     </span>
     <span class='ocr_line' id='line_1_15' title="bbox 144 1275 985 1344; baseline -0.001 -17"><span class='ocrx_word' id='word_1_122' title='bbox 144 1277 264 1344; x_wconf 83' lang='lat' dir='ltr'>videtur,</span> <span class='ocrx_word' id='word_1_123' title='bbox 279 1277 312 1329; x_wconf 92' lang='lat' dir='ltr'>fit</span> <span class='ocrx_word' id='word_1_124' title='bbox 333 1281 366 1329; x_wconf 92' lang='grc' dir='ltr'>ιιι</span> <span class='ocrx_word' id='word_1_125' title='bbox 385 1278 559 1332; x_wconf 82' lang='lat' dir='ltr'>distrahatur</span> <span class='ocrx_word' id='word_1_126' title='bbox 577 1277 761 1330; x_wconf 88' lang='lat' dir='ltr'>deliberando</span> <span class='ocrx_word' id='word_1_127' title='bbox 780 1277 890 1330; x_wconf 86' lang='lat' dir='ltr'>animus</span> <span class='ocrx_word' id='word_1_128' title='bbox 909 1275 985 1327; x_wconf 83' lang='lat' dir='ltr'>adfe-</span> 
     </span>
     <span class='ocr_line' id='line_1_16' title="bbox 144 1353 1046 1426; baseline -0.003 -18"><span class='ocrx_word' id='word_1_129' title='bbox 144 1361 241 1424; x_wconf 88' lang='lat' dir='ltr'>ratque</span> <span class='ocrx_word' id='word_1_130' title='bbox 252 1356 404 1424; x_wconf 84' lang='lat' dir='ltr'>ancipitem</span> <span class='ocrx_word' id='word_1_131' title='bbox 414 1373 509 1410; x_wconf 88' lang='lat' dir='ltr'>euram</span> <span class='ocrx_word' id='word_1_132' title='bbox 522 1353 676 1426; x_wconf 86' lang='lat' dir='ltr'>cogitandi.</span> <span class='ocrx_word' id='word_1_133' title='bbox 712 1358 752 1408; x_wconf 90' lang='lat'>10.</span> <span class='ocrx_word' id='word_1_134' title='bbox 764 1358 824 1408; x_wconf 89' lang='lat' dir='ltr'>Hac</span> <span class='ocrx_word' id='word_1_135' title='bbox 838 1355 984 1420; x_wconf 84' lang='lat' dir='ltr'>divisione,</span> <span class='ocrx_word' id='word_1_136' title='bbox 1043 1411 1046 1420; x_wconf 46' lang='grc'>,</span> 
     </span>
     <span class='ocr_line' id='line_1_17' title="bbox 145 1433 985 1504; baseline -0.002 -17"><span class='ocrx_word' id='word_1_137' title='bbox 145 1451 209 1487; x_wconf 91' lang='lat' dir='ltr'>cum</span> <span class='ocrx_word' id='word_1_138' title='bbox 227 1435 377 1504; x_wconf 84' lang='lat' dir='ltr'>praeterire</span> <span class='ocrx_word' id='word_1_139' title='bbox 396 1435 506 1504; x_wconf 86' lang='lat' dir='ltr'>aliquid</span> <span class='ocrx_word' id='word_1_140' title='bbox 521 1435 675 1488; x_wconf 88' lang='lat' dir='ltr'>maximum</span> <span class='ocrx_word' id='word_1_141' title='bbox 689 1434 791 1488; x_wconf 88' lang='lat' dir='ltr'>vitium</span> <span class='ocrx_word' id='word_1_142' title='bbox 808 1434 840 1486; x_wconf 90' lang='lat' dir='ltr'>in</span> <span class='ocrx_word' id='word_1_143' title='bbox 858 1433 985 1488; x_wconf 82' lang='lat' dir='ltr'>dividen-</span> 
     </span>
     <span class='ocr_line' id='line_1_18' title="bbox 145 1514 984 1584; baseline -0.001 -15"><span class='ocrx_word' id='word_1_144' title='bbox 145 1517 182 1569; x_wconf 91' lang='lat' dir='ltr'>do</span> <span class='ocrx_word' id='word_1_145' title='bbox 195 1515 240 1582; x_wconf 89' lang='lat' dir='ltr'>sit,</span> <span class='ocrx_word' id='word_1_146' title='bbox 251 1515 308 1568; x_wconf 90' lang='lat' dir='ltr'>duo</span> <span class='ocrx_word' id='word_1_147' title='bbox 321 1514 512 1584; x_wconf 85' lang='lat' dir='ltr'>praetermissa</span> <span class='ocrx_word' id='word_1_148' title='bbox 525 1519 599 1568; x_wconf 77' lang='lat' dir='ltr'>sunt</span> <span class='ocrx_word' id='word_1_149' title='bbox 628 1515 688 1567; x_wconf 89' lang='lat' dir='ltr'>Nec</span> <span class='ocrx_word' id='word_1_150' title='bbox 703 1514 778 1566; x_wconf 89' lang='lat' dir='ltr'>eninr</span> <span class='ocrx_word' id='word_1_151' title='bbox 791 1516 879 1567; x_wconf 87' lang='lat' dir='ltr'>solum</span> <span class='ocrx_word' id='word_1_152' title='bbox 890 1520 984 1569; x_wconf 91' lang='lat' dir='ltr'>utrum</span> 
     </span>
     <span class='ocr_line' id='line_1_19' title="bbox 144 1593 983 1664; baseline -0.001 -16"><span class='ocrx_word' id='word_1_153' title='bbox 144 1597 294 1650; x_wconf 90' lang='lat' dir='ltr'>honestum</span> <span class='ocrx_word' id='word_1_154' title='bbox 309 1611 344 1647; x_wconf 90' lang='lat' dir='ltr'>an</span> <span class='ocrx_word' id='word_1_155' title='bbox 358 1598 439 1664; x_wconf 88' lang='lat' dir='ltr'>turpe</span> <span class='ocrx_word' id='word_1_156' title='bbox 454 1594 490 1646; x_wconf 88' lang='lat' dir='ltr'>sit</span> <span class='ocrx_word' id='word_1_157' title='bbox 479 1593 655 1646; x_wconf 89' lang='lat' dir='ltr'>tdeliberari</span> <span class='ocrx_word' id='word_1_158' title='bbox 666 1595 743 1662; x_wconf 90' lang='lat' dir='ltr'>solet,</span> <span class='ocrx_word' id='word_1_159' title='bbox 754 1594 804 1646; x_wconf 89' lang='lat' dir='ltr'>sed</span> <span class='ocrx_word' id='word_1_160' title='bbox 817 1594 900 1646; x_wconf 91' lang='lat' dir='ltr'>etiam</span> <span class='ocrx_word' id='word_1_161' title='bbox 916 1595 983 1647; x_wconf 91' lang='lat' dir='ltr'>duo-</span> 
     </span>
     <span class='ocr_line' id='line_1_20' title="bbox 143 1674 984 1748; baseline -0.001 -20"><span class='ocrx_word' id='word_1_162' title='bbox 143 1677 197 1728; x_wconf 88' lang='lat' dir='ltr'>bus</span> <span class='ocrx_word' id='word_1_163' title='bbox 209 1674 335 1745; x_wconf 89' lang='lat' dir='ltr'>proposit</span> <span class='ocrx_word' id='word_1_164' title='bbox 336 1674 360 1727; x_wconf 88' lang='lat' dir='ltr'>is</span> <span class='ocrx_word' id='word_1_165' title='bbox 324 1674 481 1727; x_wconf 86' lang='lat' dir='ltr'>tt&#39;hones</span> <span class='ocrx_word' id='word_1_166' title='bbox 462 1679 498 1726; x_wconf 78' lang='grc' dir='ltr'>ιιι</span> <span class='ocrx_word' id='word_1_167' title='bbox 510 1681 604 1748; x_wconf 81' lang='lat' dir='ltr'>utrum</span> <span class='ocrx_word' id='word_1_168' title='bbox 616 1675 802 1742; x_wconf 67' lang='lat' dir='ltr'>honestiust</span> <span class='ocrx_word' id='word_1_169' title='bbox 779 1691 789 1726; x_wconf 94' lang='lat'>1</span> <span class='ocrx_word' id='word_1_170' title='bbox 791 1679 901 1743; x_wconf 88' lang='lat' dir='ltr'>temque</span> <span class='ocrx_word' id='word_1_171' title='bbox 915 1676 984 1728; x_wconf 90' lang='lat' dir='ltr'>duo-</span> 
     </span>
     <span class='ocr_line' id='line_1_21' title="bbox 144 1755 983 1834; baseline 0 -26"><span class='ocrx_word' id='word_1_172' title='bbox 144 1756 196 1809; x_wconf 91' lang='lat' dir='ltr'>bus</span> <span class='ocrx_word' id='word_1_173' title='bbox 211 1755 364 1834; x_wconf 82' lang='lat' dir='ltr'>propositis</span> <span class='ocrx_word' id='word_1_174' title='bbox 382 1755 545 1808; x_wconf 85' lang='lat' dir='ltr'>utilibust</span> <span class='ocrx_word' id='word_1_175' title='bbox 514 1760 545 1808; x_wconf 92' lang='lat' dir='ltr'>ut</span> <span class='ocrx_word' id='word_1_176' title='bbox 547 1773 607 1808; x_wconf 86' lang='lat' dir='ltr'>ium</span> <span class='ocrx_word' id='word_1_177' title='bbox 626 1755 730 1809; x_wconf 89' lang='lat' dir='ltr'>utilius.</span> <span class='ocrx_word' id='word_1_178' title='bbox 768 1755 812 1808; x_wconf 88' lang='lat' dir='ltr'>Ita</span> <span class='ocrx_word' id='word_1_179' title='bbox 783 1759 917 1824; x_wconf 68' lang='lat' dir='ltr'>taquam</span> <span class='ocrx_word' id='word_1_180' title='bbox 936 1757 983 1808; x_wconf 88' lang='lat' dir='ltr'>ille</span> 
     </span>
     <span class='ocr_line' id='line_1_22' title="bbox 143 1835 984 1928; baseline -0.002 -38"><span class='ocrx_word' id='word_1_181' title='bbox 143 1837 283 1906; x_wconf 82' lang='lat' dir='ltr'>triplicem</span> <span class='ocrx_word' id='word_1_182' title='bbox 296 1852 335 1904; x_wconf 92' lang='lat' dir='ltr'>pu</span> <span class='ocrx_word' id='word_1_183' title='bbox 337 1835 408 1889; x_wconf 90' lang='lat' dir='ltr'>tavit</span> <span class='ocrx_word' id='word_1_184' title='bbox 423 1851 480 1889; x_wconf 90' lang='lat' dir='ltr'>esse</span> <span class='ocrx_word' id='word_1_185' title='bbox 493 1835 654 1904; x_wconf 87' lang='lat' dir='ltr'>rationem,</span> <span class='ocrx_word' id='word_1_186' title='bbox 646 1853 675 1888; x_wconf 89' lang='grc' dir='ltr'>ιιι</span> <span class='ocrx_word' id='word_1_187' title='bbox 689 1835 812 1928; x_wconf 87' lang='lat' dir='ltr'>quinque</span> <span class='ocrx_word' id='word_1_188' title='bbox 823 1853 873 1906; x_wconf 92' lang='lat' dir='ltr'>par</span> <span class='ocrx_word' id='word_1_189' title='bbox 875 1841 915 1889; x_wconf 89' lang='lat' dir='ltr'>tes</span> <span class='ocrx_word' id='word_1_190' title='bbox 875 1836 984 1889; x_wconf 90' lang='lat' dir='ltr'>tdis-</span> 
     </span>
     <span class='ocr_line' id='line_1_23' title="bbox 144 1911 983 1986; baseline 0.001 -17"><span class='ocrx_word' id='word_1_191' title='bbox 144 1918 230 1970; x_wconf 87' lang='lat' dir='ltr'>tribui</span> <span class='ocrx_word' id='word_1_192' title='bbox 240 1911 340 1970; x_wconf 88' lang='lat' dir='ltr'>debere</span> <span class='ocrx_word' id='word_1_193' title='bbox 350 1917 452 1986; x_wconf 90' lang='lat' dir='ltr'>reperit</span> <span class='ocrx_word' id='word_1_194' title='bbox 453 1933 493 1970; x_wconf 90' lang='lat' dir='ltr'>ur.</span> <span class='ocrx_word' id='word_1_195' title='bbox 525 1917 670 1970; x_wconf 85' lang='lat' dir='ltr'>Primum</span> <span class='ocrx_word' id='word_1_196' title='bbox 662 1917 716 1986; x_wconf 83' lang='lat' dir='ltr'>igit</span> <span class='ocrx_word' id='word_1_197' title='bbox 717 1933 751 1969; x_wconf 91' lang='lat' dir='ltr'>ur</span> <span class='ocrx_word' id='word_1_198' title='bbox 762 1922 803 1970; x_wconf 92' lang='lat' dir='ltr'>est</span> <span class='ocrx_word' id='word_1_199' title='bbox 813 1918 849 1970; x_wconf 90' lang='lat' dir='ltr'>de</span> <span class='ocrx_word' id='word_1_200' title='bbox 858 1919 983 1985; x_wconf 85' lang='lat' dir='ltr'>honeste,</span> 
     </span>
     <span class='ocr_line' id='line_1_24' title="bbox 144 1990 984 2068; baseline -0.004 -15"><span class='ocrx_word' id='word_1_201' title='bbox 144 2000 193 2054; x_wconf 87' lang='lat' dir='ltr'>sed</span> <span class='ocrx_word' id='word_1_202' title='bbox 208 1998 366 2068; x_wconf 90' lang='lat' dir='ltr'>dupliciter,</span> <span class='ocrx_word' id='word_1_203' title='bbox 377 1990 437 2051; x_wconf 89' lang='lat' dir='ltr'>tum</span> <span class='ocrx_word' id='word_1_204' title='bbox 453 1997 515 2067; x_wconf 90' lang='lat' dir='ltr'>pari</span> <span class='ocrx_word' id='word_1_205' title='bbox 529 1999 636 2051; x_wconf 87' lang='lat' dir='ltr'>ratione</span> <span class='ocrx_word' id='word_1_206' title='bbox 653 1999 688 2051; x_wconf 91' lang='lat' dir='ltr'>de</span> <span class='ocrx_word' id='word_1_207' title='bbox 704 1998 775 2066; x_wconf 88' lang='lat' dir='ltr'>utili,</span> <span class='ocrx_word' id='word_1_208' title='bbox 784 2003 850 2067; x_wconf 86' lang='lat' dir='ltr'>post</span> <span class='ocrx_word' id='word_1_209' title='bbox 863 2000 898 2052; x_wconf 89' lang='lat' dir='ltr'>de</span> <span class='ocrx_word' id='word_1_210' title='bbox 911 2015 984 2050; x_wconf 91' lang='lat' dir='ltr'>com-</span> 
     </span>
     <span class='ocr_line' id='line_1_25' title="bbox 143 2078 610 2152; baseline 0.002 -22"><span class='ocrx_word' id='word_1_211' title='bbox 143 2079 289 2147; x_wconf 89' lang='lat' dir='ltr'>paratione</span> <span class='ocrx_word' id='word_1_212' title='bbox 302 2095 398 2130; x_wconf 90' lang='lat' dir='ltr'>eorum</span> <span class='ocrx_word' id='word_1_213' title='bbox 411 2078 610 2152; x_wconf 69' lang='lat' dir='ltr'>dissependum.</span> 
     </span>
    </p>

    <p class='ocr_par' dir='ltr' id='par_1_3' title="bbox 143 2156 1011 3190">
     <span class='ocr_line' id='line_1_26' title="bbox 179 2156 985 2226; baseline 0 -17"><span class='ocrx_word' id='word_1_214' title='bbox 179 2159 227 2211; x_wconf 87' lang='lat' dir='ltr'>IV.</span> <span class='ocrx_word' id='word_1_215' title='bbox 257 2159 297 2210; x_wconf 90' lang='grc'>11.</span> <span class='ocrx_word' id='word_1_216' title='bbox 317 2157 460 2226; x_wconf 86' lang='lat' dir='ltr'>Principio</span> <span class='ocrx_word' id='word_1_217' title='bbox 485 2157 581 2226; x_wconf 87' lang='lat' dir='ltr'>generi</span> <span class='ocrx_word' id='word_1_218' title='bbox 603 2156 787 2210; x_wconf 85' lang='lat' dir='ltr'>animantium</span> <span class='ocrx_word' id='word_1_219' title='bbox 811 2157 888 2210; x_wconf 90' lang='lat' dir='ltr'>omni</span> <span class='ocrx_word' id='word_1_220' title='bbox 907 2161 985 2210; x_wconf 88' lang='lat' dir='ltr'>esta</span> 
     </span>
     <span class='ocr_line' id='line_1_27' title="bbox 143 2236 985 2312; baseline -0.004 -23"><span class='ocrx_word' id='word_1_221' title='bbox 143 2242 244 2290; x_wconf 87' lang='lat' dir='ltr'>natura</span> <span class='ocrx_word' id='word_1_222' title='bbox 257 2236 402 2302; x_wconf 85' lang='lat' dir='ltr'>tributum,</span> <span class='ocrx_word' id='word_1_223' title='bbox 412 2243 445 2288; x_wconf 87' lang='grc' dir='ltr'>ιιι</span> <span class='ocrx_word' id='word_1_224' title='bbox 460 2251 497 2302; x_wconf 88' lang='lat' dir='ltr'>se,</span> <span class='ocrx_word' id='word_1_225' title='bbox 507 2236 595 2289; x_wconf 78' lang='lat' dir='ltr'>vitam</span> <span class='ocrx_word' id='word_1_226' title='bbox 611 2251 766 2312; x_wconf 83' lang='lat' dir='ltr'>corpusque</span> <span class='ocrx_word' id='word_1_227' title='bbox 778 2240 888 2289; x_wconf 88' lang='lat' dir='ltr'>tueatur</span> <span class='ocrx_word' id='word_1_228' title='bbox 900 2236 985 2288; x_wconf 90' lang='lat' dir='ltr'>decli·</span> 
     </span>
     <span class='ocr_line' id='line_1_28' title="bbox 144 2315 985 2386; baseline 0 -18"><span class='ocrx_word' id='word_1_229' title='bbox 144 2321 248 2384; x_wconf 88' lang='lat' dir='ltr'>netque</span> <span class='ocrx_word' id='word_1_230' title='bbox 268 2331 308 2383; x_wconf 88' lang='lat' dir='ltr'>ea,</span> <span class='ocrx_word' id='word_1_231' title='bbox 326 2330 397 2381; x_wconf 87' lang='lat' dir='ltr'>quae</span> <span class='ocrx_word' id='word_1_232' title='bbox 418 2315 547 2386; x_wconf 85' lang='lat' dir='ltr'>nocitura</span> <span class='ocrx_word' id='word_1_233' title='bbox 566 2315 723 2381; x_wconf 86' lang='lat' dir='ltr'>videantur,</span> <span class='ocrx_word' id='word_1_234' title='bbox 741 2315 897 2383; x_wconf 87' lang='lat' dir='ltr'>omniaque,</span> <span class='ocrx_word' id='word_1_235' title='bbox 914 2331 985 2384; x_wconf 90' lang='lat' dir='ltr'>quae</span> 
     </span>
     <span class='ocr_line' id='line_1_29' title="bbox 145 2393 985 2485; baseline 0 -38"><span class='ocrx_word' id='word_1_236' title='bbox 145 2396 201 2448; x_wconf 88' lang='lat' dir='ltr'>sint</span> <span class='ocrx_word' id='word_1_237' title='bbox 216 2397 254 2448; x_wconf 88' lang='lat' dir='ltr'>ad</span> <span class='ocrx_word' id='word_1_238' title='bbox 263 2393 416 2450; x_wconf 86' lang='lat' dir='ltr'>vivendum</span> <span class='ocrx_word' id='word_1_239' title='bbox 428 2393 582 2447; x_wconf 85' lang='lat' dir='ltr'>necessaria</span> <span class='ocrx_word' id='word_1_240' title='bbox 583 2393 730 2485; x_wconf 82' lang='lat' dir='ltr'>,anquirat</span> <span class='ocrx_word' id='word_1_241' title='bbox 743 2400 771 2447; x_wconf 89' lang='lat' dir='ltr'>et</span> <span class='ocrx_word' id='word_1_242' title='bbox 782 2399 869 2464; x_wconf 84' lang='lat' dir='ltr'>paret,</span> <span class='ocrx_word' id='word_1_243' title='bbox 879 2400 912 2448; x_wconf 91' lang='lat' dir='ltr'>ut</span> <span class='ocrx_word' id='word_1_244' title='bbox 924 2411 985 2464; x_wconf 89' lang='lat' dir='ltr'>pas-</span> 
     </span>
     <span class='ocr_line' id='line_1_30' title="bbox 144 2473 984 2544; baseline 0 -16"><span class='ocrx_word' id='word_1_245' title='bbox 144 2483 212 2542; x_wconf 85' lang='lat' dir='ltr'>tum,</span> <span class='ocrx_word' id='word_1_246' title='bbox 226 2480 257 2528; x_wconf 90' lang='lat' dir='ltr'>ut</span> <span class='ocrx_word' id='word_1_247' title='bbox 275 2476 315 2528; x_wconf 85' lang='lat' dir='ltr'>lat</span> <span class='ocrx_word' id='word_1_248' title='bbox 303 2475 446 2542; x_wconf 90' lang='lat' dir='ltr'>tibula‚ut</span> <span class='ocrx_word' id='word_1_249' title='bbox 414 2474 519 2528; x_wconf 87' lang='lat' dir='ltr'>utalia</span> <span class='ocrx_word' id='word_1_250' title='bbox 536 2474 645 2544; x_wconf 84' lang='lat' dir='ltr'>generis</span> <span class='ocrx_word' id='word_1_251' title='bbox 663 2473 794 2528; x_wconf 89' lang='lat' dir='ltr'>eiusdem.</span> <span class='ocrx_word' id='word_1_252' title='bbox 833 2476 984 2540; x_wconf 78' lang='lat' dir='ltr'>Commune</span> 
     </span>
     <span class='ocr_line' id='line_1_31' title="bbox 145 2553 986 2626; baseline 0.001 -18"><span class='ocrx_word' id='word_1_253' title='bbox 145 2561 237 2608; x_wconf 86' lang='lat' dir='ltr'>autem</span> <span class='ocrx_word' id='word_1_254' title='bbox 247 2553 430 2608; x_wconf 87' lang='lat' dir='ltr'>animantium</span> <span class='ocrx_word' id='word_1_255' title='bbox 443 2553 568 2606; x_wconf 89' lang='lat' dir='ltr'>omnium</span> <span class='ocrx_word' id='word_1_256' title='bbox 578 2558 620 2606; x_wconf 88' lang='lat' dir='ltr'>est</span> <span class='ocrx_word' id='word_1_257' title='bbox 630 2553 834 2607; x_wconf 87' lang='lat' dir='ltr'>coniunctionis</span> <span class='ocrx_word' id='word_1_258' title='bbox 844 2556 986 2626; x_wconf 89' lang='lat' dir='ltr'>appetitus</span> 
     </span>
     <span class='ocr_line' id='line_1_32' title="bbox 144 2623 985 2729; baseline 0.004 -42"><span class='ocrx_word' id='word_1_259' title='bbox 144 2623 309 2727; x_wconf 75' lang='lat' dir='ltr'>procreapdi</span> <span class='ocrx_word' id='word_1_260' title='bbox 324 2651 407 2688; x_wconf 88' lang='lat' dir='ltr'>causa</span> <span class='ocrx_word' id='word_1_261' title='bbox 425 2639 454 2688; x_wconf 92' lang='lat' dir='ltr'>et</span> <span class='ocrx_word' id='word_1_262' title='bbox 472 2651 537 2687; x_wconf 85' lang='lat' dir='ltr'>cura</span> <span class='ocrx_word' id='word_1_263' title='bbox 554 2635 693 2702; x_wconf 86' lang='lat' dir='ltr'>quaedam</span> <span class='ocrx_word' id='word_1_264' title='bbox 713 2651 901 2705; x_wconf 76' lang='lat' dir='ltr'>eorumquae</span> <span class='ocrx_word' id='word_1_265' title='bbox 923 2655 985 2729; x_wconf 84' lang='lat' dir='ltr'>pro-</span> 
     </span>
     <span class='ocr_line' id='line_1_33' title="bbox 145 2715 984 2770; baseline 0.005 -4"><span class='ocrx_word' id='word_1_266' title='bbox 145 2721 219 2768; x_wconf 88' lang='lat' dir='ltr'>creat</span> <span class='ocrx_word' id='word_1_267' title='bbox 221 2733 237 2769; x_wconf 85' lang='lat' dir='ltr'>a</span> <span class='ocrx_word' id='word_1_268' title='bbox 252 2716 315 2768; x_wconf 88' lang='lat' dir='ltr'>sint.</span> <span class='ocrx_word' id='word_1_269' title='bbox 297 2715 466 2768; x_wconf 86' lang='lat' dir='ltr'>t&#39;tSed</span> <span class='ocrx_word' id='word_1_270' title='bbox 423 2719 466 2768; x_wconf 85' lang='lat' dir='ltr'>int</span> <span class='ocrx_word' id='word_1_271' title='bbox 468 2731 497 2767; x_wconf 91' lang='lat' dir='ltr'>er</span> <span class='ocrx_word' id='word_1_272' title='bbox 508 2715 650 2767; x_wconf 86' lang='lat' dir='ltr'>hominem</span> <span class='ocrx_word' id='word_1_273' title='bbox 663 2720 692 2767; x_wconf 90' lang='lat' dir='ltr'>ct</span> <span class='ocrx_word' id='word_1_274' title='bbox 704 2715 815 2769; x_wconf 86' lang='lat' dir='ltr'>beluam</span> <span class='ocrx_word' id='word_1_275' title='bbox 830 2718 885 2770; x_wconf 87' lang='lat' dir='ltr'>hoc</span> <span class='ocrx_word' id='word_1_276' title='bbox 898 2718 984 2770; x_wconf 85' lang='lat' dir='ltr'>maxi</span> 
     </span>
     <span class='ocr_line' id='line_1_34' title="bbox 143 2795 984 2863; baseline 0.002 -16"><span class='ocrx_word' id='word_1_277' title='bbox 143 2809 188 2847; x_wconf 87' lang='lat' dir='ltr'>nre</span> <span class='ocrx_word' id='word_1_278' title='bbox 204 2795 233 2846; x_wconf 94' lang='lat' dir='ltr'>in</span> <span class='ocrx_word' id='word_1_279' title='bbox 235 2799 319 2848; x_wconf 90' lang='lat' dir='ltr'>terest</span> <span class='ocrx_word' id='word_1_280' title='bbox 320 2795 417 2863; x_wconf 91' lang='lat' dir='ltr'>,quod</span> <span class='ocrx_word' id='word_1_281' title='bbox 432 2795 501 2847; x_wconf 83' lang='lat' dir='ltr'>haee</span> <span class='ocrx_word' id='word_1_282' title='bbox 516 2799 633 2862; x_wconf 89' lang='lat' dir='ltr'>tantum,</span> <span class='ocrx_word' id='word_1_283' title='bbox 648 2801 783 2862; x_wconf 87' lang='lat' dir='ltr'>quantum</span> <span class='ocrx_word' id='word_1_284' title='bbox 798 2813 879 2850; x_wconf 84' lang='lat' dir='ltr'>sensu</span> <span class='ocrx_word' id='word_1_285' title='bbox 894 2815 984 2852; x_wconf 82' lang='lat' dir='ltr'>more·</span> 
     </span>
     <span class='ocr_line' id='line_1_35' title="bbox 145 2863 985 2944; baseline 0.002 -18"><span class='ocrx_word' id='word_1_286' title='bbox 145 2880 199 2940; x_wconf 87' lang='lat' dir='ltr'>tur,</span> <span class='ocrx_word' id='word_1_287' title='bbox 210 2875 246 2926; x_wconf 87' lang='lat' dir='ltr'>ad</span> <span class='ocrx_word' id='word_1_288' title='bbox 252 2863 293 2928; x_wconf 92' lang='lat' dir='ltr'>id</span> <span class='ocrx_word' id='word_1_289' title='bbox 308 2876 405 2942; x_wconf 90' lang='lat' dir='ltr'>solum,</span> <span class='ocrx_word' id='word_1_290' title='bbox 417 2875 494 2940; x_wconf 86' lang='lat' dir='ltr'>quod</span> <span class='ocrx_word' id='word_1_291' title='bbox 507 2875 587 2926; x_wconf 90' lang='lat' dir='ltr'>adest</span> <span class='ocrx_word' id='word_1_292' title='bbox 602 2875 734 2942; x_wconf 88' lang='lat' dir='ltr'>quodque</span> <span class='ocrx_word' id='word_1_293' title='bbox 749 2893 879 2944; x_wconf 88' lang='lat' dir='ltr'>praesens</span> <span class='ocrx_word' id='word_1_294' title='bbox 894 2882 943 2943; x_wconf 87' lang='lat' dir='ltr'>est,</span> <span class='ocrx_word' id='word_1_295' title='bbox 957 2893 985 2928; x_wconf 90' lang='lat' dir='ltr'>se</span> 
     </span>
     <span class='ocr_line' id='line_1_36' title="bbox 146 2953 1011 3031; baseline 0 -25"><span class='ocrx_word' id='word_1_296' title='bbox 146 2955 347 3020; x_wconf 86' lang='lat' dir='ltr'>accommodat,</span> <span class='ocrx_word' id='word_1_297' title='bbox 357 2955 484 3023; x_wconf 91' lang='lat' dir='ltr'>paullum</span> <span class='ocrx_word' id='word_1_298' title='bbox 502 2953 657 3006; x_wconf 87' lang='lat' dir='ltr'>admodum</span> <span class='ocrx_word' id='word_1_299' title='bbox 672 2955 792 3008; x_wconf 85' lang='lat' dir='ltr'>sentiens</span> <span class='ocrx_word' id='word_1_300' title='bbox 806 2956 985 3028; x_wconf 83' lang='lat' dir='ltr'>praeteritum</span> <span class='ocrx_word' id='word_1_301' title='bbox 1009 3027 1011 3031; x_wconf 15' lang='grc' dir='ltr'><em>Α</em></span> 
     </span>
     <span class='ocr_line' id='line_1_37' title="bbox 146 3033 985 3101; baseline -0.004 -15"><span class='ocrx_word' id='word_1_302' title='bbox 146 3039 195 3086; x_wconf 88' lang='lat' dir='ltr'>aut</span> <span class='ocrx_word' id='word_1_303' title='bbox 213 3033 346 3087; x_wconf 87' lang='lat' dir='ltr'>futurum.</span> <span class='ocrx_word' id='word_1_304' title='bbox 384 3035 476 3086; x_wconf 92' lang='lat' dir='ltr'>Homo</span> <span class='ocrx_word' id='word_1_305' title='bbox 496 3039 596 3099; x_wconf 87' lang='lat' dir='ltr'>autem,</span> <span class='ocrx_word' id='word_1_306' title='bbox 613 3035 690 3099; x_wconf 87' lang='lat' dir='ltr'>quod</span> <span class='ocrx_word' id='word_1_307' title='bbox 709 3035 825 3086; x_wconf 85' lang='lat' dir='ltr'>rationis</span> <span class='ocrx_word' id='word_1_308' title='bbox 844 3040 886 3086; x_wconf 87' lang='lat' dir='ltr'>est</span> <span class='ocrx_word' id='word_1_309' title='bbox 902 3034 985 3101; x_wconf 84' lang='lat' dir='ltr'>parti-</span> 
     </span>
     <span class='ocr_line' id='line_1_38' title="bbox 146 3112 985 3190; baseline -0.002 -24"><span class='ocrx_word' id='word_1_310' title='bbox 146 3128 219 3183; x_wconf 72' lang='lat' dir='ltr'>cepr,</span> <span class='ocrx_word' id='word_1_311' title='bbox 230 3129 280 3182; x_wconf 87' lang='lat' dir='ltr'>per</span> <span class='ocrx_word' id='word_1_312' title='bbox 290 3129 374 3184; x_wconf 88' lang='lat' dir='ltr'>quam</span> <span class='ocrx_word' id='word_1_313' title='bbox 384 3113 583 3181; x_wconf 87' lang='lat' dir='ltr'>consequentia</span> <span class='ocrx_word' id='word_1_314' title='bbox 593 3113 690 3190; x_wconf 70' lang='lat' dir='ltr'>cernit</span> <span class='ocrx_word' id='word_1_315' title='bbox 702 3129 799 3168; x_wconf 85' lang='lat' dir='ltr'>causas</span> <span class='ocrx_word' id='word_1_316' title='bbox 809 3129 899 3167; x_wconf 88' lang='lat' dir='ltr'>rerum</span> <span class='ocrx_word' id='word_1_317' title='bbox 908 3112 985 3165; x_wconf 84' lang='lat' dir='ltr'>ridet</span> 
     </span>
    </p>
   </div>
   <div class='ocr_carea' id='block_1_3' title="bbox 0 0 1144 3442">
    <p class='ocr_par' dir='ltr' id='par_1_4' title="bbox 0 0 1144 3442">
     <span class='ocr_line' id='line_1_39' title="bbox 0 0 1144 3442; baseline 0 0"><span class='ocrx_word' id='word_1_318' title='bbox 0 0 1144 3442; x_wconf 95' lang='lat' dir='ltr'> </span> 
     </span>
    </p>
   </div>
  </div>
 </body>
</html>
