2256 3448
152 121 200 170 150
466 119 516 168 DE
531 117 682 168 OFFICIlS

150 209 209 256 tare
222 206 251 256 et
262 202 294 254 in
306 201 460 255 solitudine
472 219 566 256 secum
577 201 656 269 loqui
668 199 782 254 solitum
794 205 827 254 ut
839 217 929 270 nequo
938 219 991 258 ces·
1045 191 1047 196 ¹

150 289 223 336 sarct
235 299 367 350 umquam
382 287 411 335 et
423 283 565 336 interdum
580 281 722 349 colloquio
737 281 851 334 alterius
863 299 920 335 non
932 301 991 353 oge-
1061 307 1062 312 ¹

150 369 198 417 ret.
214 359 217 366 '
236 365 336 430 Itaque
346 363 418 415 duae
429 379 480 431 res,
492 379 562 431 quae
572 363 736 432 languorem
746 361 877 415 adferunt
886 365 991 432 ceteris,
1011 406 1020 426 .

151 444 230 496 illum
246 444 391 511 acuebant,
405 443 496 496 otium
510 449 539 496 et
556 443 687 496 solitudo.
718 443 827 498 Vellem
842 444 924 497 nobie
939 446 991 498 hoc

148 524 226 577 idem
241 540 304 578 vere
324 523 417 576 dicere
432 523 537 592 liceret,
550 523 599 576 sed
614 522 639 574 si
653 522 746 576 minus
759 522 919 576 imitatione
933 529 991 576 tan-

148 611 206 656 tam
216 603 324 674 ingenii
332 603 532 673 praestantiam
542 603 675 671 consequi
684 605 991 673 possumus,voluntate

148 689 222 737 certe
232 684 358 754 proxime
367 683 534 737 accedimus.
568 681 992 751 Nametarepublicaforensi-

148 765 255 833 busque
276 764 397 834 negotiis
419 764 502 817 armis
523 763 619 832 impiis
636 763 720 832 vique
743 763 882 832 prohibiti
903 764 991 818 otium

147 845 340 914 persequimur
352 850 381 897 et
393 845 430 897 ob
443 861 503 896 eam
516 853 628 897 causam
642 843 710 895 urbe
726 842 823 896 relicta
838 860 903 896 rura
914 861 991 914 pera·

147 931 259 994 grantes
272 941 354 994 saepe
366 925 418 976 soli
432 940 535 978 sumus.
573 928 598 977 2.
615 924 671 976 Sed
686 939 738 976 uec
753 924 807 975 hoc
822 923 913 976 otium
927 941 990 978 cum

146 1004 272 1057 Africani
287 1005 345 1057 otio
360 1020 412 1057 nec
431 1005 500 1057 haec
518 1003 642 1057 solitudo
661 1019 725 1056 cum
739 1003 789 1056 illa
804 1006 991 1074 comparanda

146 1090 195 1140 est.
232 1086 284 1137 Ille
297 1084 371 1138 eninr
383 1085 559 1152 requiescens
571 1101 588 1137 a
600 1083 639 1136 rei
652 1084 781 1153 publicae
794 1085 990 1152 pulcherrimis

146 1165 306 1218 muneribus
325 1165 414 1218 otium
433 1165 488 1218 sibi
507 1165 635 1218 sumebat
654 1164 809 1232 aliquando
828 1169 856 1217 et
873 1182 888 1218 e
908 1171 989 1220 coetu

145 1246 292 1299 hominum
302 1245 514 1314 frequentiaque
526 1245 668 1297 interdum
681 1249 824 1313 tamquam
833 1244 864 1298 in
876 1251 989 1315 portum

146 1344 175 1380 se
193 1327 223 1380 in
242 1326 424 1380 solitudinem
443 1325 617 1394 recipiebat.¹
641 1325 775 1377 Nostrum
791 1330 886 1378 autem
900 1327 990 1380 otium

145 1408 253 1477 negotii
273 1407 377 1477 inopia,
393 1423 451 1458 non
474 1405 667 1474 requiescendi
690 1405 989 1463 studioconstitutum

145 1496 194 1542 cst.
232 1487 380 1540 Exstincto
401 1487 485 1540 enim¹
497 1491 593 1539 senatu
613 1485 768 1554 deletisque
786 1483 902 1538 iu'diciis
919 1487 989 1554 quid

145 1569 278 1635 estquod
294 1568 413 1638 dignum
428 1567 509 1619 nobis
524 1566 617 1619 autin
632 1565 709 1618 curia
724 1565 818 1619 aut'in
832 1565 894 1618 foro
907 1583 989 1636 agere

145 1649 300 1716 possimusl
338 1651 361 1702 3.
377 1649 475 1716 Itaque
490 1646 581 1714 quiin
594 1646 715 1698 maxima
729 1645 990 1716 celebritatemque

144 1728 174 1780 in
194 1729 283 1780 oculis
302 1729 406 1781 civium
422 1727 564 1796 quondum
580 1726 739 1792 vixerimus,
756 1743 831 1798 nuno
849 1727 990 1797 fugientes

144 1813 324 1875 conspectum
336 1809 538 1875 sceleratorum,
547 1807 649 1874 quibus
659 1807 754 1859 omnia
763 1807 932 1876 redundant,
943 1811 989 1862 al)-

144 1885 237 1938 ‹limus
246 1901 297 1937 uos
306 1891 441 1952 quantum
454 1887 519 1939 licet
529 1892 557 1939 et
567 1903 648 1956 saepe
658 1887 710 1939 soli
721 1903 822 1942 sumus.
852 1889 989 1958 Sed,quia

143 1965 184 2019 sic
204 1967 240 2018 ab
261 1966 423 2018 hominibus
444 1967 537 2019 doctis
559 1966 724 2036 accepimus,
739 1971 820 2020 “non
841 1969 933 2022 solum
954 1987 988 2023 cx

143 2047 223 2100 malis
238 2047 338 2116 eligere
355 2046 470 2100 minima
486 2052 620 2116 oportere,
631 2047 680 2100 sed
693 2047 777 2100 etiam
792 2063 940 2118 excerpere
954 2067 987 2103 ox

143 2128 187 2181 his
200 2128 275 2197 ipsis,
286 2127 310 2181 si
323 2127 393 2196 quid
405 2127 507 2180 inesset
521 2127 614 2194 boni,'’
625 2133 773 2197 propterea
788 2133 817 2181 et
831 2129 987 2198 otio'fruor,

143 2226 200 2261 non
212 2210 263 2262 illo
275 2208 398 2277 quidem,
409 2224 465 2276 quo
479 2209 600 2260 debebat
613 2207 644 2275 is,
655 2209 704 2274 qui
715 2210 857 2278 quondam
866 2211 987 2280 peperis

143 2296 185 2341 sot
195 2291 282 2343 otium
293 2288 410 2356 civitati,
420 2304 471 2364 nec
484 2304 545 2341 eam
555 2288 735 2342 solitudinem
746 2290 877 2359 languere
887 2291 986 2360 patior,

144 2387 228 2437 quam
243 2369 314 2424 mihi
328 2369 419 2432 adfert
431 2368 588 2436 necessitas,
599 2386 656 2422 non
669 2371 806 2424 voluntas.
843 2372 869 2424 4.
886 2372 987 2437 Quam-

144 2467 228 2517 quam
238 2450 528 2504 Africanusmaiorem
541 2450 653 2502 laudem
662 2467 724 2502 meo
734 2450 841 2503 iudicio
854 2451 986 2520 adaeque

74 2533 75 2536 ’
144 2530 233 2584 batur.
270 2532 358 2584 Nulla
372 2530 447 2583 enim
462 2529 521 2583 eius
535 2530 643 2602 ingenii
658 2535 839 2584 monumenta
853 2533 987 2586 mandata

144 2608 253 2675 litteris,
270 2611 379 2662 nullum
401 2627 472 2680 opus
493 2609 553 2677 otii,
571 2611 681 2662 nullum
703 2611 866 2664 solitudinis
886 2629 986 2665 munus

144 2692 250 2740 exstat:
270 2704 305 2740 ex
318 2705 374 2757 quo
386 2689 513 2760 intellegi
526 2690 611 2743 debet
623 2690 704 2743 illum
717 2691 819 2744 mentis
831 2691 985 2761 agitatione

143 2766 415 2837 investigationeque
428 2787 522 2823 earum
535 2786 634 2837 rerum,
646 2787 714 2838 quas
727 2771 880 2839 cogitando
894 2789 986 2826 conse·

144 2849 289 2917 quebatur,
301 2864 391 2916 neque
412 2849 531 2902 otiosum
553 2866 605 2903 nec
627 2852 718 2902 solum
739 2867 873 2919 umquam
892 2853 984 2906 fuisse.

143 2931 203 2983 Nos
213 2934 314 2996 autem,
324 2927 373 2996 qui
384 2943 441 2979 non
450 2933 561 2982 tantum
571 2931 678 2983 roboris
688 2931 831 3000 habemus,
840 2938 872 2985 ut
882 2934 985 3003 cogita-

143 3006 497 3060 tionetacitaasolitudine
507 3009 707 3078 abstrahamur,
717 3013 753 3064 ad
763 3013 985 3080 hanesoribendi

144 3101 256 3154 operam
269 3103 350 3140 omne
363 3085 489 3139 studium
498 3102 647 3157 curamque
661 3092 857 3148 convertimus.
886 3094 993 3164 Itaque,
