2256 3448
295 180 364 230 LIB.
381 181 428 242 11.‚
445 179 524 230 CAP.
543 180 618 230 XIV.
635 181 707 242 XV„
724 178 738 244 ᾗ
756 183 845 229 50-ὄὸ.
946 181 994 230 135

143 279 236 333 opera,
249 261 282 316 id
300 268 350 331 est,
360 263 467 316 virtute
484 267 513 315 et
527 263 675 331 industria,
688 262 805 316 benefici
824 265 852 316 et
866 261 994 316 liberales

144 349 234 412 erunt,
250 343 372 413 primum
391 360 447 411 quo
466 343 595 413 pluribus
615 342 777 412 profuerint,
794 359 827 396 eo
844 345 937 412 plures
956 344 994 396 ad

145 423 268 492 benigne
285 423 446 476 faciendum
467 423 610 476 adiutores
628 423 780 490 habebunt,
797 423 862 475 dein
881 440 993 477 consue·
1039 447 1040 450 ¹

144 503 245 557 tudine
263 503 461 558 beneficentiae
479 504 632 574 paratiores
650 509 732 557 erunt
748 508 777 556 et
790 508 933 572 tamquam
948 521 994 557 ex-

145 583 315 637 ercitatiores
333 585 372 637 ad
388 585 460 637 bene
483 585 519 638 de
536 583 635 637 multis
652 584 875 652 promerendum.
912 585 994 637 Prae-

144 664 217 716 clare
229 663 261 716 in
273 663 392 734 epistola
404 665 527 733 quadarn
539 664 732 718 Alexandrum
743 663 832 716 filium
844 663 994 734 Philippus
1014 657 1016 662 ’
1086 732 1089 738 Ι

145 747 265 811 accusat,
284 744 361 812 quod
386 743 537 813 largitione
561 743 785 797 benevolentiam
807 743 994 797 Macedonum

144 828 333 878 consectetur:
354 822 456 890 “erae
474 828 511 893 te,
526 825 631 876 malum
641 825 665 879 1³³
684 823 778 891 inquit
795 822 892 876 “ratio
910 823 941 876 in
958 824 994 876 is

143 909 203 956 tam
215 921 293 974 spem
304 905 427 972 induxit,
440 909 473 958 ut
483 921 531 958 eos
543 905 598 958 tibi
609 905 707 958 fideles
718 908 832 974 putares
843 903 910 972 fore,
923 920 994 973 quos

143 985 263 1054 pecunia
275 985 461 1054 corrupissent
488 986 534 1037 An
546 990 577 1038 tu
590 985 622 1038 id
634 986 703 1055 agis,
713 989 746 1038 ut
757 985 925 1039 Macedones
936 1001 993 1037 non

143 1072 172 1117 to
190 1073 284 1134 regent
299 1081 388 1132 suum,
401 1067 452 1134 sed
465 1065 624 1118 ministrum
639 1073 667 1118 et
680 1065 868 1135 praebitorem
882 1073 993 1136 sperent

142 1145 239 1199 forel''
275 1147 351 1198 Bene
366 1145 549 1199 “ministrum
568 1151 597 1198 et
614 1146 827 1216 praebitorem‚”
847 1163 904 1214 quo
923 1146 993 1216 quid

142 1225 285 1278 sordidius
299 1225 379 1294 regil
397 1227 497 1280 melius
515 1227 608 1293 etiam,
623 1228 701 1295 quod
718 1227 919 1296 “largitionem
935 1243 992 1280 cor·

143 1307 302 1376 ruptelam”
317 1307 392 1360 dixit
405 1324 471 1364 esse.
496 1308 544 1361 Fit
556 1307 763 1382 enim-deterior
775 1309 825 1376 qui
837 1308 940 1377 accipit
953 1313 993 1360 at-

143 1404 198 1456 que
210 1388 248 1441 ad
260 1388 337 1441 idem
349 1405 457 1458 semper
469 1389 690 1458 exspectandum
701 1389 832 1458 paratior.
867 1391 910 1443 54.
929 1390 993 1442 Hoc

142 1468 191 1521 ille
203 1467 271 1537 filio,
281 1470 331 1522 sed
343 1475 524 1539 praeceptum
536 1475 666 1539 putemus
679 1465 817 1524 omnibus.
853 1470 943 1536 Quam
955 1471 993 1522 ob

143 1565 202 1601 rem
216 1548 247 1601 id
267 1549 383 1617 quidem
400 1566 459 1603 non
477 1550 596 1603 dubium
615 1555 656 1603 est
673 1550 741 1619 quin
757 1551 808 1604 illa
824 1549 992 1620 benignitas,

143 1645 214 1696 quae
231 1635 340 1683 constet
354 1647 389 1684 ex
405 1647 490 1700 opera
505 1636 533 1684 et
547 1631 695 1698 industria,
709 1638 737 1684 et
751 1631 896 1684 honestior
910 1630 947 1684 sit
962 1637 991 1683 et

143 1709 228 1762 latius
248 1715 345 1779 pateat
364 1715 392 1763 et
411 1710 501 1780 possit
519 1712 652 1781 prodesse
671 1711 814 1781 pluribus:
837 1727 895 1764 non
914 1728 992 1764 num-

142 1806 227 1858 quam
241 1796 336 1843 tamen
354 1796 396 1844 est
410 1791 588 1860 largiendum
602 1808 654 1845 neo
673 1793 727 1845 hoo
743 1791 927 1862 benignitatis
946 1809 993 1861 ge-

143 1886 197 1922 nus
216 1870 331 1928 omnino
345 1871 554 1940 repudiandum
568 1876 597 1924 et
612 1888 694 1941 saepe
708 1873 818 1926 idoneis
832 1872 993 1925 hominibus

142 1949 337 2020 indigentibus
359 1952 395 2004 (le
416 1967 445 2004 re
468 1951 600 2004 familiari
619 1951 844 2022 impertiendum,
860 1952 910 2005 sed
929 1951 992 2006 dili-

142 2035 242 2098 genter
259 2035 343 2098 atque
358 2032 510 2086 moderate.
547 2031 631 2084 Multi
650 2032 725 2084 enim
740 2032 910 2101 patrimonia
927 2031 992 2084 effu-

142 2109 245 2162 derunt
256 2109 414 2164 inconsulte
429 2111 585 2180 largiendo,
623 2111 699 2178 Quid
712 2117 806 2164 autem
821 2116 864 2164 est
879 2111 992 2164 stultius

142 2205 228 2256 qnam
243 2190 320 2258 quod
336 2190 456 2244 libenter
469 2190 556 2244 facias
571 2207 674 2258 curare,
687 2194 720 2242 ut
733 2190 765 2242 id
781 2190 888 2242 diutius
901 2189 991 2242 faeere

141 2263 328 2338 non'possisl
364 2269 458 2338 Atque
477 2270 563 2324 etiam
581 2274 736 2337 sequuntur
755 2269 933 2339 largitionem
951 2286 993 2322 ra-

141 2349 233 2419 pinae.
270 2351 341 2403 (lum
356 2351 430 2403 onim
444 2351 540 2404 dando
558 2367 640 2420 egere
659 2357 819 2420 coeperunt,
831 2350 930 2403 alienis
943 2350 992 2402 bo-

141 2429 186 2482 nis
204 2446 302 2483 manus
320 2431 428 2484 adferre
446 2437 594 2501 coguntur.
631 2432 684 2498 Ita,
697 2447 762 2484 cunr
781 2430 992 2486 benevolentiae

141 2512 347 2579 comparandae
361 2527 444 2564 causa
456 2511 574 2564 benefici
589 2527 648 2565 esse
661 2511 757 2580 velint,
770 2528 828 2565 non
840 2515 921 2564 tanta
936 2515 992 2564 stu·

141 2589 190 2642 dia
205 2591 397 2659 adsequuntur·
412 2607 514 2660 eorum,
528 2592 631 2661 quibus
646 2592 795 2662 dederunt,
809 2597 914 2661 quanta
926 2593 992 2645 odia

141 2681 246 2738 eorum,
261 2671 364 2738 quibus
382 2673 553 2726 ademerunt.
591 2675 634 2726 55.
652 2673 743 2739 Quam
759 2673 796 2726 ob
812 2689 870 2727 rem
884 2689 937 2726 neo
951 2673 992 2725 ita

140 2752 302 2806 claudenda
314 2769 357 2806 res
371 2758 414 2806 est
425 2753 578 2823 familiaris,
591 2759 624 2807 ut
636 2771 698 2808 eam
710 2755 871 2825 benignitas
886 2755 992 2825 aperire

140 2848 198 2884 non
210 2832 308 2901 possit,
320 2849 372 2886 nee
384 2833 424 2886 ita
436 2835 591 2902 reseranda,
604 2839 636 2887 ut
649 2839 745 2904 pateat
758 2836 896 2889 omnibus.
933 2837 992 2888 Mo-

140 2911 196 2964 dus
208 2912 384 2982 adhibeatur,
394 2913 473 2981 isque
485 2914 621 2967 referatur
633 2916 671 2968 ad
684 2915 838 2970 facultates,
870 2916 991 2968 Omnino

140 2992 299 3046 meminisse
315 2994 449 3046 debemus
463 2993 502 3062 id,
516 2995 594 3061 quod
610 3012 626 3048 a
640 2995 743 3048 nostris
757 2995 919 3047 hominibus
934 3010 991 3047 sae-

138 3071 256 3142 pissime
267 3078 431 3142 usurpatum
440 3073 497 3126 iam
509 3074 539 3127 in
551 3075 694 3144 proverbii
706 3073 937 3127 consuetudinem
946 3089 991 3125 ve-

138 3152 184 3207 nit
199 3152 405 3222 “largitionem
419 3152 538 3210 fundum
556 3171 614 3207 non
633 3155 760 3208 habere.’'
796 3151 909 3204 Etenim
927 3151 991 3220 quis
