2256 3448
131 158 179 206 134
443 158 493 208 DE
510 157 662 208 ourlcns

130 241 201 294 Duri
224 240 299 294 enim
320 241 443 294 hominis
463 243 509 296 vel
532 241 628 311 potius
649 241 698 292 vix
720 238 843 293 hominis
862 240 983 294 videtur·

130 320 283 390 periculum
296 321 511 390 capitisinferre
524 322 627 376 multis.
664 321 699 373 Id
712 337 775 374 cum
787 320 977 398 periculosum

129 401 185 470 ipsi
199 406 240 454 est
252 407 313 454 tum
328 401 414 455 etiam
429 402 576 455 sordidum
591 402 628 455 ad
639 402 742 455 famam
757 401 977 455 committerent

129 487 272 534 accusator
291 482 448 536 nominem:
468 484 546 551 quod
565 483 686 552 contigit
703 483 740 535 M.
754 483 850 549 Bruto,
866 498 977 536 summo

81 629 83 634 Ι
129 577 229 630 genere
243 565 318 629 nato,
331 561 408 615 illius
419 562 486 629 filio,
500 563 549 631 qui
560 563 630 615 iuria
645 562 737 616 civilia
751 562 782 614 in
794 561 893 632 primis
905 563 977 632 peri-

129 648 175 694 tus
186 641 249 696 fuit.
286 644 329 694 51.
350 643 446 710 Atque
458 641 542 696 etiam
554 643 609 695 hoc
621 647 801 711 praeceptum
813 641 901 694 officii
913 642 977 696 dili·

129 727 228 789 genter
247 723 400 776 tenendum
420 727 469 790 est,
486 739 521 775 ne
541 739 625 790 quem
644 738 777 790 umquam
796 722 976 775 innocentem

129 801 237 854 iudicio
250 802 352 872 capitis
363 818 497 855 arcessas:
512 801 544 854 id
556 801 634 857 enim
644 801 704 855 sine
717 804 819 856 scelere
828 802 888 855 fieri
897 799 987 855 uullo'

129 887 213 950 pacto
231 887 332 950 potest.
369 883 443 935 Nam
461 881 532 950 quid
550 890 593 934 est
610 887 669 935 tam
687 882 872 936 inhumanum
890 899 976 950 quarn

129 961 320 1028 eloquentiam
334 978 350 1014 a
364 967 464 1014 natura
479 962 516 1015 ad
531 963 648 1014 salutem
662 962 807 1016 hominum
819 969 848 1015 et
860 963 898 1015 ed
910 979 976 1014 con-

129 1040 317 1094 servationem
332 1041 428 1093 datam
443 1042 481 1094 ad
493 1042 631 1094 bonorum
645 1046 753 1112 pestem
767 1042 976 1112 perniciemque

129 1123 310 1175 converteret
346 1122 407 1174 Nec
422 1125 526 1189 tamen,
539 1127 572 1174 ut
588 1123 643 1175 hoc
658 1121 825 1190 fugiendum
843 1128 894 1190 est,
906 1122 976 1176 item

129 1205 171 1253 est
184 1200 346 1254 habendum
358 1201 490 1271 religioni
502 1207 653 1255 nocentem
665 1201 826 1270 aliquande,
839 1203 925 1255 modo
939 1220 976 1256 ne

129 1279 265 1332 netarium
276 1280 459 1351 impiumque,
470 1281 628 1336 defendere.
663 1283 733 1337 Vult
744 1283 799 1336 hoc
811 1283 975 1349 multitudo,

129 1361 237 1429 patitur
248 1362 430 1429 cousuetudo,
443 1361 497 1414 fert
510 1362 595 1414 etiam
607 1362 774 1416 humanit-as.
811 1361 919 1442 Iudicis
933 1369 977 1417 est

129 1456 239 1510 semper
256 1440 288 1493 in
305 1441 396 1494 causis
409 1457 506 1494 verum
524 1441 610 1510 sequi,
623 1442 735 1511 patroni
750 1458 807 1494 non
821 1457 977 1510 numquam

129 1520 188 1572 veri
201 1520 299 1588 simile,
311 1521 397 1574 etiam
409 1522 434 1573 si
445 1521 538 1574 minus
549 1521 587 1574 sit
598 1538 702 1589 verum,
713 1522 877 1586 defendere:
897 1524 976 1591 quod

129 1601 257 1668 scribere,
276 1601 439 1670 praesertim
455 1617 527 1654 ,cum
551 1602 587 1654 de
610 1603 792 1673 philosophia
815 1602 975 1672 scriberem,

129 1697 187 1734 nou
207 1681 346 1748 auderem,
363 1682 419 1734 nisi
440 1682 516 1736 idem
537 1684 660 1752 placeret
680 1683 845 1753 gravissimo
868 1685 976 1738 Stoico-

129 1777 191 1813 rum
212 1762 356 1816 Panaetio.
393 1763 515 1816 Maxime
536 1769 630 1816 autcm
651 1769 680 1816 et
703 1764 793 1832 gloria
813 1764 923 1834 paritur
946 1772 976 1818 et

129 1839 221 1906 gratia
241 1839 449 1894 defensionibus
468 1859 556 1911 eoque
576 1843 671 1911 maior,
689 1843 713 1895 si
734 1845 849 1912 quando
868 1845 976 1899 accidit

129 1922 162 1969 ut
175 1917 201 1970 ei
214 1919 402 1988 subveniatur,
416 1921 466 1988 qui
477 1923 601 1991 potentis
614 1922 732 1975 alieuius
745 1923 846 1992 opibus
858 1924 979 1978 circum.

128 1997 219 2052 veniri
240 1999 408 2068 urguerique
427 2001 564 2068 videatur,
581 2009 614 2074 ut
634 2019 685 2055 nos
707 2008 735 2056 et
754 2019 837 2072 saepe
857 2004 926 2058 alias
945 2011 979 2058 et

129 2079 318 2134 adolescentes
330 2086 427 2135 contra
439 2084 469 2136 L.
480 2084 573 2136 Sullae
586 2084 756 2137 (luminantis
768 2101 835 2154 opes
844 2101 896 2154 pro
909 2085 973 2140 Sex.

129 2161 231 2215 Roscio
243 2161 376 2216 Amerino
388 2162 513 2230 fecimus,
527 2179 606 2231 quae,
619 2169 651 2216 ut
663 2164 725 2230 scia,
738 2169 829 2217 exstat
842 2165 939 2220 oratio.

164 2242 226 2297 XV.
263 2244 306 2296 52.
327 2242 382 2295 Sed
397 2242 533 2312 expositis
551 2243 771 2297 adolescentium
785 2243 884 2298 officiis
902 2261 974 2314 quae

128 2323 241 2375 valeant
260 2322 297 2376 ad
315 2321 434 2391 gloriam
451 2322 670 2392 adipiscendam,
687 2324 818 2394 deinceps
837 2325 874 2378 de
892 2326 974 2379 benc·

128 2402 240 2456 ficentia
263 2419 296 2456 ac
321 2404 357 2456 de
380 2403 548 2456 liberalitate
572 2404 724 2458 dicendum
748 2411 806 2459 est:
828 2405 908 2460 euius
931 2413 974 2460 est

129 2481 200 2533 ratio
219 2483 334 2550 duplex.
371 2484 444 2536 Narn
463 2487 512 2536 aut
529 2500 614 2553 opera
632 2484 753 2554 benigne
771 2485 803 2538 fit
821 2484 973 2556 indigenti-

129 2561 181 2612 bus
202 2567 256 2614 aut·
269 2563 395 2630 pecunia.
440 2563 563 2618 Facilior
583 2569 626 2616 est
644 2564 714 2617 haee
734 2565 879 2635 posterior,
898 2567 973 2618 loeu-

128 2639 198 2708 plcti
209 2642 379 2708 praesertim,
392 2645 443 2697 sed
455 2643 505 2696 illa
517 2643 619 2696 lautior
633 2659 667 2697 ac
681 2645 857 2713 splendidior
871 2651 900 2698 et
911 2645 972 2698 viro

128 2719 194 2772 forti
212 2721 344 2788 cleroque
363 2721 484 2792 dignior.
522 2723 698 2792 Quamquam
716 2724 791 2778 enim
806 2725 836 2778 in
852 2731 971 2794 utroque

128 2799 201 2852 inest
221 2799 400 2868 gratificandi
419 2803 541 2856 liberalis
561 2805 698 2872 voluntas,
714 2807 916 2859 tamen'altera
936 2821 972 2858 ex
1007 2809 1009 2816 ’

128 2895 199 2947 ar'ca,
217 2880 360 2931 altcra'ex
378 2880 482 2934 virtute
504 2883 685 2951 depromitur,
703 2884 882 2953 largitioque,
900 2901 971 2954 qnae

127 2959 160 3012 fit
172 2975 206 3012 ex
221 2975 251 3018 rc
265 2958 403 3027 familiari,
414 2961 520 3014 sontem
532 2963 625 3031 ipsunt
637 2957 821 3033 benignitatis
833 2965 970 3020 exhaurit.

127 3040 172 3090 Ita
186 3039 360 3108 benignitate
380 3039 539 3106 benignitas
555 3042 672 3110 tollitur,
685 3059 741 3111 qua
759 3060 815 3113 quo
833 3044 864 3098 in
877 3046 972 3115 plures

128 3132 193 3177 usus
212 3119 257 3187 sis,
273 3135 306 3172 eo
324 3118 417 3171 minus
434 3117 465 3171 in
483 3121 587 3174 multos
606 3121 650 3174 uti
667 3123 765 3191 possis.
801 3128 845 3181 53.
864 3126 904 3180 At
922 3125 974 3194 qui
