2256 3448
146 155 195 202 rar
452 151 505 200 oa
522 141 674 201 osricus
977 215 982 224 .

145 237 230 290 docet
245 237 384 304 quaedam
399 235 544 288 hominum
559 251 662 304 genera
680 251 738 288 esse
753 237 927 304 consumpta,
940 235 988 287 de'-

145 317 212 369 inde
231 321 375 385 comparat
389 322 495 384 quanto
511 317 605 385 plures
624 315 710 368 deleti
725 314 781 367 sint
796 316 925 368 homines
939 316 989 367 ho

144 397 253 449 minum
271 395 387 465 impetu,
402 396 434 448 id
452 400 503 464 est,
521 395 671 448 bellis-aut
691 395 887 464 seditionibus,
904 392 989 463 quar'n

145 476 222 530 omni
234 476 344 544 reliqua
356 475 523 530 calamitate.

182 559 223 611 17.
243 558 314 610 Cum
328 556 417 626 igitur
432 556 479 610 hic
495 557 575 610 locus
591 555 666 609 nihil
680 557 784 610 habeat
799 555 989 610 dubitationis

145 637 216 705 quin
230 637 358 691 homines
376 637 528 708 plurimum
546 637 710 690 hominibus
728 641 757 691 et
772 637 882 706 prosint
897 641 926 690 et
940 637 989 690 oh

145 718 210 787 sint,
222 719 368 788 proprium
383 719 437 770 hoc
452 721 545 770 statuo
561 733 619 770 esse
628 717 916 788 ‘virtutisconciliare
931 717 989 770 ani-

145 815 206 852 mos
228 800 372 852 hominurn
394 803 422 852 ct
442 799 480 851 ad
500 807 566 851 usus
590 813 655 851 suos
679 799 841 868 adiungere.
878 799 986 866 Itaque,

145 897 217 948 quae
231 882 262 933 in
276 883 358 934 rebus
372 879 505 934 inanimis
522 894 649 948 quaeque
664 880 695 932 in
709 895 762 933 usu
776 885 805 934 et
819 881 988 933 tractatione

132 962 289 1022 ¹beluarum
303 962 376 1013 flunt
390 960 498 1014 utiliter
512 961 549 1014 ad
562 961 709 1014 hominum
720 961 816 1028 vitam,
830 961 938 1014 artibus
953 977 988 1014 ea

144 1041 306 1095 tribuuntur
320 1042 452 1111 operosis,
466 1043 612 1096 hominum
624 1048 718 1096 autem
733 1041 829 1096 studia
841 1042 877 1094 ad
890 1041 989 1111 ampli·

144 1121 303 1174 ficationem
323 1127 481 1178 nostrarum
504 1139 596 1177 rerum
619 1127 750 1194 prompta
771 1137 804 1176 ac
828 1127 927 1194 parata
947 1121 988 1176 vi-

144 1217 238 1254 rorum
259 1203 462 1272 praestantium
483 1203 621 1273 sapientia
645 1208 674 1257 ct
695 1203 803 1256 virtute
819 1203 987 1258 excitantur.

146 1283 189 1336 18.
208 1283 322 1336 Etenim
336 1283 425 1338 virtus
440 1285 531 1336 omnis
546 1283 637 1336 tribus
650 1283 681 1336 in
694 1284 778 1336 rebus
790 1282 848 1336 fere
860 1282 988 1352 vertitur,

145 1377 264 1431 quarum
275 1375 339 1416 una
356 1368 399 1417 est
417 1363 451 1416 in·
467 1363 665 1434 perspiciendo
685 1363 757 1432 quid
775 1363 806 1416 in
826 1371 939 1432 quaque
958 1379 989 1418 re

129 1439 455 1512 ,verum‘sineerumque
480 1445 525 1513 sit,
544 1445 614 1512 quid
638 1449 855 1498 consentaneum
876 1445 988 1513 cuique,

145 1526 216 1593 quid
239 1541 418 1594 consequent,
439 1541 475 1579 ex
501 1542 558 1594 quo
583 1541 710 1594 quaeque
733 1525 897 1595 gignantur,
917 1541 989 1594 quac

145 1607 334 1676 cuiusque-rei
348 1622 430 1670 causa
449 1606 493 1674 sit,
507 1607 626 1658 alterum
641 1606 772 1660 cohibere
787 1610 882 1659 motus
901 1606 989 1660 animi

144 1688 280 1756 turbatos,
291 1704 361 1757 quos
374 1686 474 1742 Graeci
486 1691 558 1750 πάθη
570 1685 725 1754 nominant,
734 1686 987 1756 appetitioncsque,

142 1768 280 1833 quasilli
301 1774 388 1838 ὁρμάς,
407 1767 590 1822 oboedientes
612 1767 719 1820 efficere
740 1767 851 1834 rationi,
870 1767 987 1820 tertium

144 1841 367 1914 iis,'quibuscum
380 1863 589 1920 congregemur,
602 1849 645 1902 uti
658 1849 802 1901 moderate
817 1853 846 1900 et
858 1847 987 1916 scienter,

142 1927 264 1994 'quorum
279 1928 380 1980 studiis
395 1944 436 1998 ea,
453 1946 524 1998 quae
538 1937 637 1983 natura
649 1929 801 1996 desiderat,
815 1930 930 1997 expleta
942 1943 988 1981 eu-

144 2009 310 2076 nrulataque
321 2009 480 2079 habeamus,
494 2027 545 2080 per
563 2012 738 2078 eosdemque,
754 2007 778 2062 si
795 2008 867 2076 quid
886 2009 988 2078 impor-

136 2092 220 2157 tetur
243 2089 324 2142 nobis
345 2089 525 2160 incommodi,
544 2091 739 2161 propulsemus
763 2089 987 2158 ulciscamurque

144 2187 199 2238 eos,
214 2171 263 2240 qui
276 2187 376 2224 nocere
389 2171 471 2224 nobis
489 2172 583 2224 conati
599 2176 671 2238 sunt,
684 2175 818 2238 tantaque
833 2187 925 2240 poena
940 2171 988 2223 ad-

144 2251 277 2322 ficiamus,
304 2257 437 2320 quantam
468 2252 594 2320 aequitas
624 2251 840 2320 humanitasque
870 2251 986 2320 patitur.

144 2331 193 2386 VI,
232 2335 271 2386 19.
291 2333 400 2398 Quibus
427 2337 521 2385 autem
545 2331 703 2385 rationibus
727 2333 801 2384 hane
824 2327 987 2384 facultatem

145 2412 262 2482 adsequi
280 2413 426 2482 possimus,
440 2417 472 2464 ut
490 2412 637 2464 hominum
656 2411 751 2464 studia
769 2412 989 2480 complectamur

144 2507 233 2559 eaque
254 2498 404 2562 teneamus,
421 2490 546 2544 dicemus
567 2507 658 2560 neque
678 2491 719 2544 ita
738 2491 828 2544 multo
846 2496 921 2560 post,
937 2491 987 2544 sed

144 2585 234 2639 pauca
246 2577 310 2624 ante
323 2573 443 2625 dicenda
456 2577 528 2625 sunt.
552 2573 684 2641 Magnam
693 2572 752 2625 vim
764 2588 822 2626 esse
834 2571 865 2624 in
874 2570 988 2625 fortuna

144 2650 175 2702 in
187 2655 334 2718 utramque
348 2658 466 2720 partem,
476 2654 521 2704 vel
537 2653 672 2705 secundas
687 2654 725 2705 ad
740 2669 783 2705 res
796 2653 841 2704 vel
856 2651 987 2705 adversas

145 2728 208 2797 quis
225 2728 357 2798 ignorati
393 2733 467 2785 Nam
485 2738 514 2784 et
532 2748 596 2785 eum
614 2747 748 2802 prospero
765 2731 835 2784 flatu
854 2731 914 2784 eius
932 2731 987 2783 uti-

144 2821 214 2874 mur,
231 2808 268 2860 ad
286 2809 378 2862 exitus
399 2812 578 2880 pervehimur
599 2817 712 2882 optatos
734 2817 769 2882 et,
785 2827 850 2864 curn
868 2811 986 2877 reflavit,

145 2889 314 2959 adfligimur,
352 2892 429 2943 Haec
450 2891 539 2960 igitur
559 2893 620 2961 ipsa
640 2893 753 2960 fortuna
777 2886 883 2944 ceteros
905 2907 986 2944 casus

144 2970 261 3024 rariores
279 2971 372 3039 habet,
385 2972 505 3040 primurn
524 2975 560 3026 ab
575 2973 706 3025 inanimis
725 2974 868 3044 procellas,
882 2976 987 3042 tempe·

145 3055 240 3119 states,
259 3051 412 3119 naufragia,
431 3052 533 3120 ruinas,
552 3053 694 3119 incendia,
714 3053 817 3105 deinde
845 3069 862 3104 a
888 3052 986 3104 bestiis

145 3127 227 3196 ictus,
245 3145 360 3198 morsus,
377 3129 507 3198 impetus.
543 3131 621 3182 Haec
641 3147 717 3200 erge,
732 3137 764 3184 ut
785 3131 855 3200 dixi,
872 3131 986 3187 rariora.
