2256 3448
128 4 247 26 w..

276 142 345 190 LlB.
363 141 396 202 1.‚
413 141 492 190 CAP.
508 141 595 191 XXV.
612 141 723 202 XXVI„
742 139 860 210 §st-91,
955 142 987 188 91

60 229 62 232 ’
146 225 218 278 tudo
233 229 318 292 atque
333 223 491 292 clementia,
501 227 533 276 ut
548 223 716 276 adhibeatur
730 223 770 276 rei
784 222 914 292 publicae
926 239 988 276 cau·

146 322 178 358 sa
192 305 332 372 severitas,
345 304 405 356 sine
419 319 474 372 qua
493 303 680 356 administrari
696 303 796 356 civitas
814 319 871 356 non
886 309 986 373 potest.

147 384 246 438 Omnis
258 389 352 437 autem
365 388 392 437 et
404 383 607 438 animadversio
620 388 649 437 et
660 383 808 453 castigatio
818 385 988 438 contumelia

146 481 246 517 vacare
265 465 351 517 debet
365 480 457 532 neque
475 464 513 517 ad
528 463 594 531 eius,
608 463 658 532 qui
671 464 788 532 punitur
802 464 924 532 aliquem
939 469 988 516 aut

146 544 239 598 verbis
254 544 382 614 castigat,
395 544 445 596 sed
461 545 499 597 ad
514 544 554 596 rei
570 543 702 612 publicae
718 543 871 597 utilitatem
885 544 986 598 referri.

147 628 190 678 89.
207 626 371 678 Cavendum
385 629 427 677 est
441 624 526 677 etiam
541 641 576 676 ne
594 624 684 677 maior
697 641 791 694 poena
804 641 889 692 quam
904 626 988 694 culpa

146 705 185 758 sit
197 709 225 758 et
237 721 272 757 ne
284 705 384 758 iisdem
395 705 431 757 de
444 705 534 758 causis
547 705 595 757 alii
606 706 773 774 plectantur,
786 705 835 756 alii
846 721 882 758 ne
894 706 987 774 appel-

147 785 241 837 lentur
252 785 376 852 quidem.
413 785 594 838 Prohibenda
608 787 703 838 autem
716 784 837 837 maxime
849 789 890 838 est
904 785 946 837 ira
957 784 987 836 in

146 865 299 934 puniendo
335 866 499 933 Numquam
508 865 583 918 enim
595 865 682 918 iratus
692 865 741 934 qui
750 866 866 918 accedet
875 865 913 918 ad
923 881 987 934 poe-

146 962 212 998 nam
227 945 451 998 mediocritatem
464 946 543 999 illam
555 945 670 1013 tenebit,
681 962 753 1013 quae
764 950 807 998 est
820 947 894 999 inter
907 945 988 998 nimi·

146 1041 195 1077 um
207 1030 236 1079 et
247 1041 355 1094 parurn,
365 1041 438 1094 quae
449 1027 543 1095 placet
554 1025 746 1095 Peripateticis
754 1025 787 1078 'et
800 1031 874 1079 recte
886 1027 986 1096 placet,

146 1106 232 1158 modo
250 1123 285 1159 ne
303 1106 451 1159 laudarent
468 1106 642 1159 iracundiam
661 1111 689 1159 et
707 1106 832 1160 dicerent
846 1107 954 1159 utiliter
971 1123 988 1158 a

146 1190 246 1239 natura
258 1187 361 1240 datam.
399 1187 452 1240 Illa
461 1203 526 1241 vero
536 1186 666 1239 omnibus
679 1186 707 1238 in
719 1187 801 1240 rebus
813 1187 988 1255 repudianda

145 1271 190 1319 est
207 1267 427 1336 optandumque,
441 1271 473 1320 ut
491 1267 520 1335 ii,
533 1267 583 1334 qui
597 1273 729 1336 praesunt
746 1266 785 1319 rei
800 1267 937 1335 publicae,
950 1269 988 1320 le·

141 1363 215 1416 -gum
232 1347 337 1400 similes
354 1348 419 1416 sint,
432 1364 504 1414 quae
521 1348 559 1400 ad
572 1346 747 1417 puniendum
757 1339 821 1399 ,non
834 1346 987 1416 iracundia,

145 1428 197 1479 sed
210 1427 349 1497 aequitate
363 1429 511 1481 ducuntur.
1048 1433 1051 1438 ’

182 1509 287 1562 XXVL
324 1510 366 1562 90.
382 1508 477 1576 Atque
494 1507 581 1560 ctiam
598 1507 628 1560 in
646 1507 729 1559 rebus
746 1505 886 1576 prosperis
904 1511 932 1560 et
950 1509 988 1562 ad

146 1590 321 1642 voluntatem
330 1593 453 1642 nostram
460 1588 611 1642 fluentibus
619 1587 777 1657 superbiam
784 1604 888 1656 magno
896 1604 987 1657 opere,

145 1669 293 1722 fastidium
308 1669 559 1739 adrogantiamque
574 1668 722 1739 firgn'amus.
760 1669 833 1722 Num
846 1673 878 1722 ut
892 1669 987 1723 adver·

146 1765 193 1811 sas
214 1765 265 1816 res,
286 1749 327 1802 sic
347 1750 484 1802 secundas
504 1749 687 1802 immoderate
707 1748 778 1801 ferre
800 1748 924 1802 levitatis
946 1755 988 1803 est

145 1830 344 1899 praeclaraque
353 1835 395 1882 est
407 1830 592 1898 aequabilitas
601 1830 631 1882 in
641 1829 717 1884 omni
726 1829 786 1884 vita
795 1835 823 1883 et
832 1829 908 1884 idem
919 1848 988 1885 sem-

145 1927 197 1980 per
211 1912 305 1964 vultus
319 1912 473 1980 eademque
487 1911 572 1978 frons,
585 1916 617 1964 ut
632 1911 667 1964 de
684 1911 796 1964 Socrate
814 1911 937 1981 itemque
952 1913 988 1966 de

146 1995 177 2044 O.
187 1991 281 2044 Laelio
295 1991 462 2061 accepimus.
498 1991 662 2060 Philippum
675 1991 789 2058 quidem
802 1993 988 2046 Macedonum

146 2074 240 2140 regem
250 2073 331 2127 rebus
343 2071 429 2141 gestis
440 2075 470 2124 et
481 2072 572 2140 gloria
585 2078 747 2140 superatum
760 2071 844 2125 afilio
853 2072 988 2126 facilitate

145 2158 176 2206 ct
194 2151 367 2206 humanitate
381 2151 465 2206 video
484 2151 653 2219 superiorem
671 2149 763 2205 fuisse.
786 2153 900 2220 ltaque
918 2155 989 2206 alter

146 2248 256 2301 semper
268 2247 393 2298 magnus,
406 2231 476 2282 alter
488 2246 571 2298 saepe
583 2230 768 2299 turpissimus,
781 2235 813 2283 ut
825 2239 898 2286 recte
911 2249 988 2302 prae-

142 2312 239 2382 cipere
251 2311 400 2364 videantur
412 2309 462 2377 qui
476 2314 598 2377 monent,
611 2317 651 2379 ut,
665 2315 771 2378 quanto
786 2312 939 2380 superiores
954 2313 988 2365 si-

146 2408 217 2460 mus,
231 2395 310 2444 tanto
329 2406 380 2442 nos
401 2405 530 2459 geramus
551 2391 723 2444 submissius.
760 2391 909 2444 Panaetius
928 2393 987 2462 qui-

147 2475 213 2526 dem
227 2470 411 2524 “Africanum
430 2471 588 2524 auditorem
603 2476 631 2524 et
645 2470 810 2524 familiarem
829 2487 909 2526 suurn
924 2473 987 2526 soli-

147 2555 228 2606 tum”
239 2552 280 2605 ait
290 2551 449 2618 “dicarant
458 2567 546 2622 equos
555 2557 669 2621 propter
678 2553 787 2605 crebras
796 2554 988 2607 contentiones

146 2634 316 2704 proeliorum
330 2633 475 2690 ferocitate
490 2635 663 2688 exsultantes
678 2633 864 2687 domitoribus
878 2637 987 2689 tradere

146 2715 262 2781 soleant,
275 2705 307 2768 ut
325 2713 360 2770 iis
375 2713 547 2767 facilioribus
562 2714 670 2784 possint
688 2713 738 2780 uti,
752 2714 793 2767 sic
808 2715 934 2770 homines
948 2733 988 2770 se-

146 2795 248 2848 cundis
262 2796 344 2848 rebus
359 2795 505 2848 effrenatos
520 2794 629 2863 sibique
644 2795 830 2864 praefidentes
844 2801 988 2866 tamquam

146 2875 177 2926 in
192 2891 292 2944 gyrum
310 2875 427 2929 rationis
446 2879 474 2928 et
491 2875 637 2928 doctrinae
652 2875 719 2928 duci
733 2881 868 2945 oportere,
881 2884 913 2930 ut
927 2893 987 2946 per-

146 2955 284 3024 spicerent
294 2973 384 3010 rerum
394 2957 578 3008 humanarum
586 2955 807 3010 imbecillitatem
814 2957 987 3011 varietatem·

125 3035 363 3104 'quefortunae''
394 3038 435 3089 91.
452 3036 546 3103 Atque
556 3036 897 3090 etiaminsecundissimis
905 3036 987 3088 rebus

145 3117 267 3170 maxime
282 3123 324 3169 est
342 3116 478 3168 utendum
493 3115 610 3168 consilio
628 3115 781 3168 amicorum
795 3115 885 3182 iisque
900 3114 987 3168 maior
