2256 3448
131 89 179 135 110
442 85 492 134 DE
509 83 663 134 OFFICIIS

129 172 174 223 vel
186 170 275 222 multo
290 167 374 220 etiam
389 168 556 236 magisque
569 167 658 220 maior
674 171 702 218 et
716 165 815 218 melior
830 163 973 218 actionum

129 267 214 320 quam
231 265 362 302 sonorum
380 254 532 301 concentus
550 254 599 302 est.
638 249 710 301 XLI.
741 247 800 300 146.
820 248 928 314 Itaque,
942 253 974 299 ut

128 332 158 383 in
175 331 280 384 fidibus
298 330 468 382 musicorum
488 345 567 382 aures
583 330 630 382 vel
648 328 764 381 minima
784 329 916 395 sentiunt,
933 328 974 380 sic

128 428 187 479 uos,
200 411 225 464 si
239 427 315 464 acres
330 426 362 463 ec
378 410 529 479 diligentes
547 425 606 462 esse
620 410 751 462 volumus
766 409 974 462 animadverso
1020 433 1023 442 Δ

129 508 171 544 res
180 491 429 560 vitiorum,magna
442 507 524 560 saepe
536 490 733 560 intellegemus
745 506 780 542 ex
791 489 893 558 parvis.
930 491 974 540 Ex

129 574 274 625 oculorum
297 572 407 640 obtutu,
430 571 643 640 superciliorum
667 577 718 624 aut
741 570 901 624 remissione
925 577 975 623 aut

129 654 327 721 contractione,
344 669 379 705 ex
401 651 548 728 maestitia,
569 669 604 704 ex
625 651 775 719 hilaritate,
795 667 831 704 ex
852 651 919 720 risu,
939 667 975 704 ex

128 734 279 802 locutione,
292 750 327 786 ex
344 732 497 798 reticentia,
513 749 547 784 ex
564 733 743 785 contentione
758 731 845 800 vocis,
858 749 894 785 ex
911 732 975 785 sub

128 815 268 882 missione,
283 831 317 866 ex
333 813 431 866 ceteris
445 813 584 866 similibus
599 813 681 866 facile
698 812 888 866 iudicabimus
904 813 976 881 quid

129 909 225 947 corum
243 900 309 963 apte
325 894 381 962 fiat,
396 893 466 961 quid
485 895 521 947 ab
539 893 632 968 officio
649 899 805 962 naturaque
824 893 974 962 discrepet.

129 975 191 1040 Quo
211 975 241 1026 in
260 991 361 1043 genere
381 992 438 1028 non
458 980 499 1028 est
517 975 728 1028 incommodum
746 976 828 1044 quale
847 975 975 1042 quidque

129 1071 224 1108 eorum
246 1056 282 1107 sit
305 1072 339 1107 ex
362 1057 425 1108 aliis
446 1057 579 1122 iudicare,
593 1062 633 1124 ut,
649 1057 673 1108 si
692 1057 763 1125 quid
786 1057 922 1109 dedeceat
944 1056 975 1108 in

128 1135 192 1203 illis,
214 1136 334 1191 vitemus
356 1137 418 1208 ipsi.
462 1137 511 1190 Fit
535 1139 609 1190 enim
633 1139 727 1190 nescio
752 1153 808 1206 quo
831 1137 917 1190 modo
942 1143 976 1189 ut

129 1218 219 1288 magis
240 1218 270 1270 in
291 1218 353 1271 aliis
375 1234 520 1271 cernamus
538 1235 623 1287 quam
644 1219 675 1271 in
694 1219 834 1272 nobismet
856 1218 932 1288 ipsis,
950 1218 975 1270 si

130 1299 199 1366 quid
212 1299 391 1369 delinquitur.
428 1299 526 1367 Itaque
538 1299 670 1352 facillime
683 1299 864 1368 corriguntur
874 1299 906 1350 in
919 1298 975 1351 dis

130 1381 227 1449 cende,
241 1397 360 1449 quorum
376 1379 447 1432 vitia
465 1379 612 1432 imitantur
630 1379 800 1432 emendandi
816 1395 900 1432 causa
917 1395 976 1432 ma·

129 1459 218 1528 gistri.
258 1463 316 1514 147.
336 1461 395 1513 Nec
416 1475 483 1512 vero
508 1459 631 1512 alienum
652 1463 693 1511 est
715 1460 753 1511 ad
777 1475 810 1511 ea
833 1459 975 1528 eligenda,

130 1555 201 1606 quae
214 1540 419 1594 dubitationem
434 1538 573 1606 adferunt,
584 1539 718 1592 adhibere
734 1539 835 1591 doctos
846 1539 976 1591 homines

129 1621 175 1671 vel
190 1621 274 1673 etiam
288 1637 340 1674 usu
354 1620 458 1690 peritos
473 1619 584 1688 etquid
599 1619 634 1672 iis
648 1619 684 1671 de
699 1634 810 1686 quoque
826 1618 912 1671 officii
926 1635 975 1687 ge·

129 1715 194 1752 nere
209 1703 319 1768 placeat
334 1702 485 1769 exquirere.
522 1700 613 1753 Maior·
631 1699 705 1752 enim
720 1715 785 1768 pars
805 1715 838 1751 eo
854 1699 911 1751 fere
926 1699 974 1750 de-

129 1778 195 1830 ferri
215 1781 293 1846 solet,
309 1796 365 1846 quo
385 1798 402 1832 e
421 1786 522 1834 natura
542 1780 604 1850 ipsa
623 1780 780 1832 deducitur.
817 1780 852 1832 In
871 1779 976 1847 quibus

130 1859 285 1911 videndum
305 1864 346 1911 est
364 1876 421 1912 non
439 1861 526 1914 modo
544 1860 614 1930 quid
632 1859 751 1928 quisque
768 1861 907 1928 loquatur,
922 1859 974 1918 sed

130 1937 215 1991 ctiam
230 1939 300 2008 quid
315 1939 432 2009 quisque
450 1941 553 1994 sentiat
568 1947 653 2010 atque
668 1941 753 1993 ctiam
768 1940 875 2009 quade
890 1955 977 1993 causa·

131 2020 248 2090 quisque
260 2020 369 2074 sentiat.
407 2023 446 2075 Ut
459 2023 533 2074 enim
546 2022 667 2090 pictores
678 2025 705 2074 et
717 2020 747 2089 ii,
758 2021 807 2088 qui
821 2021 902 2090 signa
913 2019 974 2072 fao

122 2095 261 2169 'ricantuq
277 2106 306 2154 et
324 2119 390 2154 vero
409 2101 494 2156 etiam
513 2107 612 2171 politae
631 2118 712 2154 suum
730 2101 848 2170 quisque
866 2117 937 2170 opus
955 2117 973 2151 a

130 2185 216 2252 vulgo
235 2182 405 2236 considerari
419 2183 489 2251 vult,
501 2182 579 2250 ut,‘si
598 2182 669 2250 quid
686 2183 883 2250 reprehensum
901 2181 937 2233 sit
955 2197 974 2232 a

129 2263 264 2332 pluribus,
272 2264 304 2316 id
314 2263 476 2332 corrigatur,
484 2263 561 2331 iique
573 2267 602 2314 et
611 2279 705 2314 secum
718 2267 819 2314 etcum
830 2261 892 2314 aliis
902 2260 972 2329 quid

130 2343 160 2394 in
175 2361 208 2396 eo
222 2349 370 2413 peccatum
385 2343 421 2396 sit
434 2343 644 2410 exquirunthic
659 2342 777 2394 aliorum
791 2341 900 2394 iudicio
912 2356 973 2410 pcr-

130 2425 219 2476 multa
231 2425 314 2477 nobis
325 2428 353 2476 et
363 2423 493 2476 facienda
505 2428 532 2476 et
545 2439 602 2475 non
614 2423 744 2476 facienda
756 2427 784 2474 et
795 2422 931 2476 mutanda
943 2424 977 2472 et.

131 2503 296 2572 corrigenda
311 2510 382 2558 sunt.
422 2505 480 2557 148,
501 2505 578 2569 Quae
589 2520 655 2556 vcro
670 2520 746 2556 more
761 2509 881 2572 agentur
893 2502 972 2555 insti-

130 2581 255 2649 tutisque
270 2583 408 2652 civilibus,
419 2584 454 2635 de
469 2584 505 2635 iis
519 2583 591 2635 nihil
604 2589 646 2636 est
658 2583 905 2652 praecipiendum:
922 2582 972 2634 illa

130 2660 205 2712 enim
222 2661 283 2729 ipsa
299 2669 449 2733 praecepta
467 2669 539 2731 sunt,
553 2679 604 2716 nec
623 2679 790 2732 quemquam
808 2664 864 2716 hoc
882 2678 971 2716 errore

131 2739 197 2792 duci
210 2746 328 2808 oportet,
338 2747 378 2808 ut,
387 2743 410 2793 si
423 2743 493 2810 quid
508 2744 634 2796 Socrates
645 2748 693 2794 aut
702 2743 864 2812 Aristippus
875 2747 972 2795 contra

131 2837 236 2872 morem
260 2822 544 2891 consuetudinemque
571 2822 683 2876 civilem
707 2823 825 2876 fecerint
849 2823 972 2876 locutive

131 2901 195 2968 sint,
203 2901 279 2954 idem
291 2900 345 2957 sibi
358 2901 506 2954 arbitretur
517 2902 609 2954 licere.
646 2904 758 2972 Magnis
770 2903 813 2954 illi
825 2908 854 2955 ct
867 2903 972 2956 divinis

131 2983 212 3033 bonis
224 2983 296 3033 hunc
306 2972 449 3032 licentiam
462 2982 693 3046 adsequebantur.
728 2983 897 3049 Cynicorum
906 2999 972 3034 vcro

131 3061 202 3112 ratio
214 3065 275 3112 tota
287 3066 329 3111 est
341 3058 493 3110 eiiciende:
512 3063 554 3108 est
566 3059 640 3110 enim
652 3060 767 3113 inimico
779 3062 972 3128 verocundiae,

17 3293 318 3400 [mm-Q..
