2256 3448
259 139 329 188 mn.
346 138 395 200 11„
411 136 490 189 cnr.
507 138 582 188 xm.
599 139 670 200 xx,
689 137 807 198 §cern
908 139 956 189 ιιι
983 132 985 136 ’

149 224 213 278 XX.
251 225 293 277 69.
311 222 367 276 Sed
379 238 443 275 cum
455 221 485 274 in
494 222 656 275 hominibus
667 222 798 276 iuvandis
810 225 858 276 aut
867 225 957 277 mores

114 302 236 375 spectari
251 307 300 356 sut
314 303 426 356 fortune
444 304 540 370 soleat,
552 303 632 356 dictu
647 303 762 371 quidem
777 308 819 357 est
832 305 956 373 proclivo

113 385 209 453 itaque
231 385 318 452 vulgo
340 384 500 452 loquuntur,
520 400 549 436 se
572 383 603 436 in
623 384 765 437 beneficiis
785 385 957 438 collocandis

113 477 205 519 mores
217 463 371 532 hominum,
381 480 438 516 non
450 463 592 516 fortunam
604 464 691 531 sequi.
728 466 855 518 Honesta
866 466 956 518 oratio

113 551 164 601 cst.
203 545 258 598 Sed
278 545 341 612 quis
362 549 405 597 est
421 544 537 596 tandem
555 543 605 611 qui
623 543 717 613 inopis
736 550 765 597 et
783 545 885 614 optimi
902 545 956 600 vin'

113 641 212 678 censue
230 642 286 678 non
302 628 456 693 anteponat
469 624 500 675 in
518 639 603 692 opere
617 624 717 676 denda
734 625 855 692 gratiam
869 624 956 678 fortu-

113 706 174 759 nati
193 709 222 758 et
235 705 378 775 potentis?
414 705 442 758 A
457 720 513 773 quo
532 703 606 756 enim
622 703 782 774 expeditior
799 709 827 758 et
841 705 956 758 celerior

113 785 299 840 remuneratio
312 785 371 839 fore
383 784 503 853 videtur,
516 784 547 836 in
561 784 693 838 sumsere
708 789 750 837 est
762 785 894 838 voluntas
907 802 955 840 no·
1039 837 1042 842 .

114 870 170 918 stra
184 865 358 935 propensior.
396 865 454 919 Sed
472 854 754 918 animadvertendum
775 869 818 918 est
835 865 955 935 diligen-

113 945 171 998 tius
183 962 255 1015 quse
266 951 367 1000 natum
379 961 471 999 rerum
481 945 527 1000 sit.
563 945 705 1000 Nimirum
715 946 792 1000 enim
804 946 887 1018 inops
898 947 954 1016 illo,

102 1025 137 1078 vsi
147 1027 238 1080 bonus
247 1030 289 1078 est
298 1026 349 1094 vir,
357 1026 443 1080 etium
455 1026 480 1078 si
488 1025 589 1079 referre
601 1027 721 1097 gretiam
733 1044 790 1080 non
799 1032 900 1098 potest,
907 1029 955 1081 lm-

113 1106 177 1159 bere
193 1111 268 1159 certe
282 1111 384 1176 potest.
422 1107 575 1160 Commode
589 1112 683 1160 autem
695 1107 865 1176 quicumque
880 1108 955 1162 dixit

113 1186 285 1256 “pecuniam
300 1187 349 1256 qui
364 1187 468 1242 habeat
481 1203 539 1240 non
553 1187 719 1256 reddidisse,
733 1188 783 1256 qui
797 1177 955 1243 reddiderit

111 1283 169 1319 non
183 1267 294 1335 habere,
307 1266 428 1336 gretiam
442 1271 536 1320 autem
551 1266 642 1336 etqui
656 1267 795 1320 rettulerit
808 1269 911 1322 habere
925 1273 955 1321 et
1031 1283 1034 1290 ·

112 1346 163 1415 qui
178 1347 282 1400 hebeat
295 1347 460 1401 rettulisse.”
496 1348 544 1414 At,
558 1347 607 1415 qui
622 1364 651 1400 se
667 1348 826 1416 locupletes,
836 1348 954 1402 honora·

111 1433 164 1497 tos,
174 1427 271 1481 beatos
284 1433 395 1497 putant,
405 1427 427 1499 i‘r
441 1444 476 1481 ne
491 1428 612 1498 obligari
627 1427 743 1496 quidem
758 1428 892 1498 beneficio
907 1445 954 1480 vo-

111 1509 190 1562 lunt:
211 1508 385 1576 quinetiam
404 1509 570 1562 beneficium
590 1525 620 1562 se
641 1508 752 1562 dedisse
776 1508 953 1578 arbitrentur,

111 1605 176 1641 cum
189 1588 245 1658 ipsi
261 1589 390 1658 quamvis
408 1606 543 1658 magnum
559 1589 676 1658 aliquod
687 1588 856 1658 acceperint,
869 1593 954 1657 atque

111 1668 196 1722 etiem
211 1685 227 1724 a
242 1684 270 1722 se
286 1673 335 1722 eut
349 1669 488 1738 postulari
506 1673 554 1722 eut
568 1668 724 1738 exspectari
742 1669 851 1737 aliquid
866 1669 954 1739 suspi-

111 1753 218 1816 cantur,
230 1748 387 1818 patrocinio
402 1765 469 1803 vero
487 1764 516 1801 se
534 1765 599 1802 usos
618 1753 667 1802 out
684 1748 801 1803 clientes
819 1751 954 1821 appellari

110 1827 209 1881 mortis
224 1829 319 1882 instar
339 1834 450 1898 putant.
488 1831 529 1884 70.
550 1830 590 1882 At
611 1846 677 1882 vero
701 1829 750 1882 ille
774 1831 859 1900 tenui,
881 1847 953 1900 cum,

111 1907 254 1976 quidquid
268 1908 374 1962 fectum
393 1909 437 1977 sit,
451 1925 480 1962 se
497 1914 661 1978 spectatum,
673 1927 731 1963 non
745 1910 886 1965 fortunam
904 1927 953 1981 pu·

111 1991 160 2056 tat,
176 2005 235 2042 non
253 1989 339 2042 modo
358 1989 409 2057 illi,
426 1989 476 2057 qui
493 1996 536 2043 cst
553 1991 677 2056 meritus,
691 1991 741 2043 sed
756 1992 841 2046 etium
859 1991 954 2061 illisu

110 2070 215 2138 quibus
233 2073 488 2138 exspectat—eget
504 2070 579 2123 enim
598 2071 853 2140 multis-gratum
870 2089 900 2126 se
914 2071 954 2127 vi·

110 2149 172 2202 deri
187 2149 298 2202 studet:
317 2165 407 2216 neque
420 2165 487 2202 vero
501 2150 594 2204 verbis
612 2157 698 2219 auget
713 2167 793 2204 suum
808 2167 917 2220 munus,
930 2152 954 2205 si

110 2247 167 2298 quo
176 2230 248 2283 forte
260 2229 396 2298 fungitur,
405 2231 454 2283 sed
467 2229 551 2283 etism
564 2235 705 2285 extenuet.
734 2231 954 2300 Videndumque

109 2309 183 2364 illud
198 2315 247 2378 est,
258 2311 345 2379 quod,
358 2310 382 2362 si
397 2313 561 2380 opulentum
575 2309 805 2380 fortunatumque
823 2311 953 2365 defende

109 2391 155 2460 ris,
165 2390 197 2444 in
209 2407 265 2444 uno
278 2391 328 2444 illo
341 2395 398 2459 aut,
406 2391 430 2444 si
439 2390 518 2460 forte,
527 2391 558 2444 in
567 2391 663 2445 liberis
675 2391 734 2445 eius
743 2395 837 2444 manet
846 2391 952 2462 gratis:

109 2471 154 2524 sin
166 2475 261 2524 eutem
272 2470 394 2540 inopem,
405 2471 524 2540 probum
536 2476 631 2545 tamen
644 2476 672 2526 et
684 2472 850 2540 modestum,
858 2488 953 2526 omncs

108 2567 167 2604 non
181 2551 304 2621 improbi
316 2551 445 2620 humiles,
459 2567 529 2620 quse
543 2568 647 2622 magna
661 2552 692 2605 in
707 2554 815 2623 populo
828 2553 953 2606 multitu-

109 2633 148 2684 do
162 2635 212 2700 est,
223 2631 394 2701 praesidium
407 2632 462 2684 sibi
474 2637 602 2701 paratum
611 2632 718 2688 vident.
755 2635 797 2687 71.
813 2634 903 2700 Quam
917 2635 954 2687 ob

107 2729 168 2766 rem
182 2711 282 2764 melius
297 2712 374 2781 apud
389 2712 476 2765 bonos
490 2728 574 2779 quam
590 2714 669 2782 apud
681 2713 838 2766 fortunatos
853 2715 953 2768 benefi-

107 2792 185 2846 cium
209 2792 341 2846 collocari
364 2797 443 2862 puto.
485 2793 588 2846 Denda
612 2793 727 2846 omnino
751 2810 836 2863 opere
859 2800 954 2848 estut

107 2873 187 2926 omni
199 2872 296 2942 generi
308 2872 475 2926 satisfacere
484 2872 630 2941 possimus,
639 2873 697 2942 sed,
707 2873 732 2926 si
744 2890 787 2927 res
798 2875 827 2926 in
840 2879 953 2927 conten·

106 2954 217 3008 tionem
230 2952 332 3020 veniet,
342 2953 475 3006 nimirum
489 2952 694 3007 Themistocles
708 2959 750 3008 est
762 2960 860 3007 auctor
874 2954 963 3007 anni--

107 3034 230 3100 bendus,
239 3032 288 3100 qui
301 3049 364 3084 cnm
377 3033 568 3086 consuleretur
580 3038 675 3086 utrum
686 3034 759 3086 bono
769 3034 828 3086 viro
836 3032 953 3102 pauperi

106 3131 144 3168 nn
157 3113 383 3235 minupprobsto
396 3111 482 3166 diviti
490 3112 578 3166 filiam
590 3114 753 3167 collocaret:
768 3116 783 3143 “
791 3114 853 3181 Ego
863 3129 928 3164 vero
936 3113 952 3141 '’
