2256 3448
264 131 334 182 LIB.
352 132 385 193 1.‚
402 131 480 181 CAP.
496 131 623 181 XXXIX.
641 133 708 193 XL.‚
726 129 740 190 ἓ
757 131 877 180 139-145.
944 132 991 178 109

150 216 244 268 locum
265 221 359 267 autem
380 215 499 268 actionis
520 216 760 286 opportunitatem
779 213 914 284 temporis
935 229 993 266 esse

150 297 258 350 dicunt.
296 298 417 364 Tempus
435 302 528 349 autem
546 296 666 349 actionis
684 301 873 365 opportunum
888 295 992 346 Graece

149 383 268 447 εὐκαιρία,
277 376 375 429 Latine
389 378 546 446 appellatur
558 377 675 429 occasio.
715 377 760 428 Sic
772 376 845 428 litut
855 373 993 427 modestia

150 459 228 525 haec,
242 474 325 524 quam
339 457 380 510 ita
395 458 619 526 interpretamur,
634 461 666 508 ut
680 456 749 523 dixi,
763 455 878 508 scientia
893 455 929 508 sit
944 471 993 522 op-

150 538 331 607 portunitatis
344 538 510 590 idoneorum
525 537 563 589 ad
575 537 716 604 agendum
728 542 893 604 temporum.
933 535 991 586 143.

151 619 207 671 Sed
227 623 320 686 potest
341 617 439 670 eadem
460 633 518 668 esse
540 615 863 684 prudentiaedefiuitio,
880 616 915 667 de
937 631 993 682 qua

149 699 290 768 principio
307 698 438 765 diximus,
452 699 505 749 hoc
521 702 614 749 autem
629 699 691 749 loco
707 697 742 748 de
758 695 950 748 moderatione
964 699 993 746 et

149 779 334 848 temperantia
352 783 380 830 et
395 793 489 830 carum
507 777 644 830 similibus
658 762 809 831 virtutibus
825 774 991 843 quaerimus.

149 856 257 927 Itaque,
272 875 343 932 quae
362 864 441 911 erant
455 857 621 928 prudentiae
636 857 758 927 propria,
772 873 822 908 suo
837 857 899 907 loco
915 854 993 906 dicta

149 945 229 992 suut:
249 955 320 1006 quae
333 943 426 991 autem
438 940 537 990 harum
549 939 695 1004 virtutum,
706 940 742 991 de
756 937 858 1006 quibus
873 936 929 987 iam
942 934 992 986 diu

149 1019 299 1087 loquimur,
309 1035 381 1086 quae
393 1019 535 1088 pertinent
548 1008 585 1072 ad
597 1017 794 1071 verecundiam
807 1017 884 1070 etad
897 1031 993 1068 eorum

137 1099 388 1169 approbationem,
396 1099 562 1166 quibuscum
570 1099 779 1165 vivimus,nunc
789 1097 909 1151 dicenda
918 1101 991 1149 sunt.

150 1183 209 1235 144.
226 1181 301 1234 Talis
321 1186 362 1234 est
383 1181 471 1250 igitur
492 1182 562 1232 ordo
585 1181 728 1233 actionum
749 1179 935 1244 adhibendus,
951 1182 991 1244 ut,

149 1277 233 1330 quem
248 1263 284 1314 ad
297 1262 412 1314 modum
426 1261 457 1313 in
469 1261 594 1314 oratione
606 1260 754 1328 constanti,
764 1261 804 1312 sic
819 1259 849 1312 in
860 1259 920 1313 vita
935 1274 992 1310 om·

148 1343 199 1395 uia
209 1343 265 1396 sint
278 1347 344 1411 apta
355 1343 429 1394 inter
441 1358 469 1394 se
482 1345 510 1394 et
520 1341 720 1395 convenientia.
758 1341 851 1408 Turpe
863 1344 905 1391 est
918 1338 993 1391 enim

148 1425 288 1490 valdeque
302 1422 435 1474 vitiosum
450 1423 480 1474 in
494 1439 524 1474 re
541 1437 636 1474 severa
652 1419 776 1475 convivii
790 1420 867 1472 dicta
882 1423 930 1471 aut
945 1420 992 1471 de-

148 1505 265 1556 licatum
290 1503 413 1570 aliquem
436 1501 538 1554 inferre
561 1517 722 1554 sermonem.
762 1501 837 1552 Bene
862 1499 991 1566 Pericles,

149 1601 214 1638 cum
229 1585 342 1636 haberet
356 1584 492 1652 collegam
507 1582 538 1634 in
552 1587 681 1652 praetura
697 1581 865 1650 Sophoclem
879 1585 992 1649 po'etam
1058 1587 1063 1591 ’

148 1665 226 1732 iique
242 1665 277 1716 de
293 1663 435 1716 communi
450 1662 541 1716 officio
557 1662 753 1716 convenissent
768 1667 796 1714 et
811 1678 877 1714 casu
891 1660 992 1712 formo-

150 1761 197 1797 sus
215 1761 284 1814 puer
301 1743 464 1814 praeteriret
482 1743 654 1810 dixissetque
675 1743 840 1812 Sophocles:
861 1743 910 1794 “O
925 1757 992 1811 pue-

150 1842 212 1878 rum
222 1826 378 1894 pulchrum,
386 1824 494 1877 Pericle
502 1826 526 1878 1³³
556 1825 618 1876 “At
629 1823 703 1876 enim
713 1829 876 1892 praetorem,
886 1823 992 1891 Sopho·

150 1908 201 1974 cle,
218 1907 299 1958 decet
316 1922 374 1958 non
391 1906 482 1958 solum
499 1921 606 1972 manue,
617 1897 673 1957 'sed
692 1903 776 1956 etiam
794 1905 890 1956 oculos
909 1901 992 1954 absti-

149 1991 248 2039 nentes
271 1985 397 2039 habere.”
440 1986 535 2053 Atque
560 1987 614 2038 hoc
637 1984 714 2037 idem
739 1983 938 2053 Sophocles-si
961 1983 992 2034 in

151 2068 319 2120 athletarum
343 2066 509 2135 probatione
534 2065 658 2132 dixisset,
681 2065 754 2118 iusta
781 2063 993 2133 reprehensione

150 2147 291 2200 caruisset.
329 2148 419 2199 Tanta
437 2147 480 2199 vis
501 2150 544 2199 est
563 2151 591 2198 et
609 2145 665 2198 loci
686 2150 714 2198 et
732 2143 873 2213 temporis.
911 2145 950 2196 Ut
969 2143 993 2195 si

151 2229 209 2296 qui,
219 2244 283 2280 cum
298 2243 409 2280 causam
424 2227 461 2279 sit
476 2232 595 2294 acturus,
605 2226 635 2278 in
647 2226 747 2279 itinere
763 2225 853 2277 autin
869 2225 993 2276 ambula-

149 2310 228 2362 tione
241 2324 334 2361 sccum
346 2308 406 2376 ipse
420 2307 571 2360 meditetur
586 2311 634 2360 aut
648 2307 671 2359 si
684 2307 755 2374 quid
768 2305 846 2358 aliud
859 2305 993 2357 attentius

151 2389 266 2458 cogitet,
276 2406 333 2441 non
345 2388 570 2457 reprehendatur,
579 2392 609 2440 at
621 2389 675 2440 hoc
690 2387 765 2438 idem
780 2385 803 2438 si
818 2389 847 2438 iu
862 2385 992 2439 convivio

150 2471 243 2537 iaciat,
268 2469 436 2522 inhumanus
458 2469 590 2522 videatur
614 2467 725 2521 inscitia
748 2466 889 2536 temporis.
932 2466 991 2520 145.

152 2553 207 2605 Sed
223 2569 264 2617 ea,
278 2567 350 2618 quae
365 2551 485 2602 multum
500 2550 536 2602 ab
551 2549 725 2602 humanitate
741 2548 910 2617 discrepant,
923 2551 955 2600 ut
969 2546 994 2600 si

151 2634 201 2702 qui
216 2633 245 2684 in
260 2633 320 2685 foro
335 2636 429 2684 cantet
444 2637 492 2684 aut
507 2631 530 2683 si
546 2646 601 2697 qua
616 2635 657 2682 est
673 2629 727 2682 alia
741 2645 844 2698 magna
859 2628 993 2698 perversi-

149 2721 202 2780 taS,
211 2713 294 2766 facile
307 2717 442 2781 apparent
454 2727 506 2763 nec
519 2727 622 2779 magno
635 2725 718 2778 opere
731 2709 953 2762 admonitionem
965 2713 994 2761 et

150 2798 300 2863 praecepta
312 2792 487 2846 desiderant:
507 2807 578 2857 quae
590 2795 682 2842 autem
694 2805 781 2858 parva
793 2789 925 2843 videntur
936 2785 994 2842 esse

152 2875 256 2946 delicta
269 2891 359 2941 neque
371 2889 388 2925 a
401 2871 496 2924 multis
510 2871 638 2940 intellegi
650 2875 774 2939 possunt,
783 2871 819 2922 ab
832 2869 866 2922 iis
879 2877 921 2923 est
931 2869 994 2922 dili-

151 2955 264 3024 gentins
280 2953 486 3006 declinandum.
523 2953 562 3005 Ut
576 2951 607 3008 in
621 2951 725 3002 fidibus
740 2954 788 3002 aut
802 2950 888 3016 tibiis,
898 2966 993 3017 quam-

151 3036 194 3087 vis
207 3036 334 3104 paullum
344 3034 510 3101 discrepent,
519 3036 612 3084 tamen
624 3031 656 3084 id
667 3048 683 3084 a
693 3030 796 3083 sciente
810 3028 994 3082 animadverti

151 3116 232 3174 solet.
240 3113 281 3167 sic
290 3114 442 3168 vivendum
457 3111 542 3165 estin
554 3112 614 3165 vita
629 3127 664 3164 ne
679 3110 750 3163 forte
763 3109 831 3176 quid
847 3108 993 3175 discrepet,
