2256 3448
151 121 198 167 112
461 119 511 167 DE
528 117 680 170 OFFICIIS

149 210 195 256 tur
207 203 266 255 iure
279 203 386 272 optimo
398 218 480 272 posse
492 202 609 256 laudari.
641 201 774 256 Omnium
786 211 881 257 autem
893 221 993 272 rerum,

148 303 183 337 cx
197 283 298 352 quibus
310 284 420 352 aliquid
433 283 593 351 acquiritur,
602 283 674 336 nihil
687 287 729 336 est
742 284 802 354 agri
815 286 926 338 cultura
937 303 994 338 me-

148 367 208 433 lius,
225 364 297 416 nihil
315 363 436 432 uberim,
452 364 524 416 nihil
545 364 662 431 dulcius,
679 363 752 416 nihil
771 365 885 417 homine
904 365 993 419 libero

147 446 269 516 dignius,
289 445 326 497 de
348 459 403 513 qua
425 445 560 512 quonlam
580 444 610 496 in
627 446 758 498 “Catone
779 445 884 498 maiore
894 448 909 475 ”
926 448 994 500 satis

146 529 234 580 multa
256 526 389 594 diximus,
407 525 486 578 illinc
509 526 637 578 adsumes
656 542 726 594 quae
748 527 786 578 ad
805 527 881 580 hunc
899 529 994 582 locum

146 608 334 678 pertinebunt.
496 605 500 612 ’
821 649 823 654 .

182 689 283 742 XLIII.
322 690 380 742 152.
407 687 462 740 Sed
481 687 516 738 ab
534 686 569 738 iis
587 687 722 756 partibus,
737 704 807 755 quae
827 693 893 741 sunt
908 690 994 742 hone-

145 771 232 839 statis,
247 787 330 839 quem
347 769 383 822 ad
399 768 516 820 modum
531 767 622 820 officia
638 769 807 820 ducerentur
823 770 892 822 satis
907 787 993 840 expo

145 853 231 904 situm
245 852 363 906 videtur.
402 851 507 901 Eorum
526 853 620 900 autem
638 848 771 917 ipsorum,
786 866 857 916 quae
874 851 993 904 honesta

145 938 218 998 sunt,
228 937 321 1001 potest
333 931 457 983 incidere
473 945 554 998 saepe
570 929 714 982 contentio
729 936 757 984 et
770 931 942 1000 comparatio
955 933 992 984 dc

146 1014 256 1064 duobus
270 1012 394 1064 honestis
405 1015 499 1064 utrum
512 1009 665 1077 honestius,
675 1011 724 1078 qui
737 1013 814 1064 locus
826 1027 843 1063 a
855 1013 993 1064 Panaetio

146 1097 188 1144 est
203 1092 421 1160 praetermissus.
460 1092 535 1144 Nam
553 1106 618 1142 cum
637 1091 728 1142 omnis
746 1091 878 1144 honestas
897 1099 993 1146 manet

147 1173 304 1242 apartibus
320 1177 460 1240 quattuor,
472 1187 589 1241 quarum
604 1187 661 1224 una
676 1176 718 1223 est
733 1171 914 1240 cognitionis,
925 1173 993 1226 altc-

146 1269 176 1306 rn
191 1253 406 1322 communitatis,
420 1253 503 1306 tertia
518 1251 767 1322 magnanimitatis,
781 1257 882 1319 quarta
896 1254 993 1306 mode-

145 1335 272 1403 rationis,¹
283 1328 353 1387 haec
367 1335 398 1386 in
414 1333 565 1404 deligendo
581 1331 675 1384 officio
690 1349 771 1401 saepe
785 1332 860 1384 inter
873 1350 902 1385 sc
918 1350 992 1386 com-

145 1420 279 1484 parentur
293 1433 405 1470 necesse
422 1421 470 1469 est.
509 1417 567 1468 153.
591 1415 689 1466 Placet
703 1413 791 1482 igitur
807 1414 918 1482 aptiora
933 1431 992 1468 csse

145 1502 260 1550 naturae
272 1514 305 1550 ea
318 1497 415 1565 officia,
425 1501 494 1565 quae
507 1513 542 1548 ex
555 1495 762 1562 communitate,
772 1511 856 1563 quam
869 1513 991 1564 ea,.quac

145 1594 180 1629 ex
198 1577 359 1647 cognitione
376 1579 520 1644 ducantur,
534 1577 620 1644 idque
636 1577 873 1644 hoc-argumento
892 1575 992 1628 confir·-

145 1659 214 1710 mari
226 1663 325 1727 potest.
363 1658 446 1724 Quod
459 1657 483 1710 si
495 1657 646 1726 contigerit
658 1673 690 1709 ea
702 1657 762 1708 vita
776 1656 905 1726 sapienti,
915 1661 948 1708 ut
959 1656 992 1709 in

145 1739 279 1790 omnium
293 1755 384 1791 rerum
406 1738 596 1790 adfluentibus
620 1737 717 1807 copiis,
737 1737 864 1805 quamvis
886 1736 990 1804 omnia,

145 1834 215 1884 quae
235 1819 397 1886 cognitione
414 1818 502 1888 digna
513 1823 594 1887 sunt,
611 1834 718 1871 summo
739 1817 797 1870 otio
816 1834 910 1871 secum
929 1818 990 1887 ipse

145 1897 301 1948 consideret
320 1901 348 1949 et
365 1900 577 1968 contempletur,
597 1903 698 1966 tamen,
717 1898 841 1952 solitudo
863 1897 888 1950 si
910 1903 991 1952 tanta

144 1977 188 2042 sit,
207 1981 240 2048 ut
255 1976 404 2033 ,hominem
425 1979 522 2032 videre
546 1995 604 2031 non
625 1979 722 2049 possit,
741 1977 899 2033 excedat'e
920 1980 988 2035 vita.

144 2056 330 2127 Princepsque
343 2057 468 2111 omnium
480 2058 617 2112 virtutum
632 2063 674 2112 est
685 2059 735 2112 illa
747 2059 892 2128 sapientia,
904 2077 990 2128 quam

144 2145 235 2207 σοφίαν
250 2139 348 2192 Graeci
362 2144 479 2194 vocant:
498 2139 678 2209 prudentiam
692 2139 774 2207 enim,
788 2155 872 2208 quam
888 2142 989 2194 Graeci

144 2225 265 2288 φρόνησιν
275 2220 381 2287 dicunt,
392 2220 476 2274 aliam
489 2221 639 2290 qnamdam
651 2220 849 2290 intellegimus,
861 2238 933 2289 quae
946 2230 989 2275 est

143 2316 234 2354 rerum
259 2301 751 2370 expetendarum·fugiendarumque
776 2301 909 2355 scientia:
936 2303 988 2355 illa

144 2387 236 2434 autem
251 2381 492 2451 sapientiaquem
504 2381 660 2450 principem
673 2381 845 2448 cistarum
859 2387 902 2435 est
915 2383 988 2435 divi-

143 2477 241 2513 narum
256 2467 284 2513 et
299 2463 484 2514 humanarum
499 2461 623 2529 scientia,
633 2461 663 2512 in
678 2477 733 2529 qua
748 2461 907 2515 continetur
922 2464 988 2515 deo-

144 2556 205 2591 rum
223 2545 252 2592 et
266 2529 417 2594 hominum
432 2541 616 2594 communitas
634 2546 662 2593 et
678 2541 795 2594 societas
811 2542 886 2596 inter
902 2543 985 2612 ipsos.

143 2619 183 2670 Ea
193 2619 352 2674 simaxima
365 2628 453 2688 estut
466 2628 515 2688 est,
524 2627 598 2675 certe
610 2638 721 2674 necesse
735 2627 783 2690 cst,
793 2623 869 2691 quod
883 2641 900 2676 a
912 2640 987 2676 com-

144 2699 280 2752 munitate
301 2701 420 2754 ducatur
442 2703 572 2769 officium,
591 2702 622 2754 id
643 2719 701 2755 esse
722 2703 883 2758 maximum.
922 2705 987 2756 Ete-

64 2801 78 2816 ··
143 2779 201 2831 nim
216 2779 342 2848 cognitio
355 2783 610 2851 contemplatioque
623 2790 737 2836 naturae
749 2800 849 2837 manca
862 2785 987 2853 quodam

143 2861 228 2912 modo
247 2865 331 2928 atque
347 2860 480 2915 incohata
497 2864 540 2929 sit,
555 2863 579 2916 si
595 2865 674 2916 nulla
693 2863 767 2916 actio
784 2880 876 2916 rerum
893 2880 986 2917 conse-

143 2946 250 3009 quatur.
288 2942 330 2993 Ea
343 2945 436 2993 autem
448 2943 522 2994 actio
535 2943 565 2994 in
578 2945 723 2996 hominum
738 2945 894 2997 commodis
907 2954 986 2997 tuen-

144 3021 187 3072 dis
208 3021 329 3074 maxime
351 3021 488 3072 cernitur:
516 3023 638 3089 pertinet
657 3024 746 3092 igitur
766 3025 803 3076 ad
824 3026 986 3078 societatem

144 3100 252 3166 generis
274 3098 404 3150 humani:
430 3113 496 3167 ergo
518 3101 588 3152 haec
609 3102 766 3170 cognitioni
788 3105 987 3172 anteponenda
