2272 3442
283 155 883 207 CATOMAJOR.uAP.xx11.XX111.
978 159 1008 212 27
1107 140 1109 144 ’

165 239 227 306 sint,
257 255 341 308 quum
371 255 400 291 se
429 239 508 306 plane
537 237 659 306 corporis
681 237 795 291 vinculis
819 237 1009 294 relaxaverint.

166 314 263 382 Quare,
282 315 305 368 si
322 315 389 368 haec
406 315 446 367 ita
461 316 532 379 sunt,
550 313 589 366 sle
606 329 650 366 me
663 313 773 367 colitote
788 317 821 368 ut
836 314 926 370 deum.
962 315 1009 370 Sin

163 407 218 444 una
241 394 284 458 est
307 390 469 443 interiturus
492 390 598 442 animus
622 406 683 442 curn
707 407 825 458 corpore,
848 409 896 445 vos
917 396 1011 448 tamen

165 465 230 518 deos
245 469 379 531 verentes
393 465 439 532 qui
449 466 518 517 haue
533 482 641 518 omnem
653 465 886 533 pulchritudinem
898 472 1011 522 tuentur

163 545 193 593 ot
216 545 324 608 regunt,
347 541 506 594 memoriam
530 541 617 594 nostri
641 541 686 610 pie
714 542 898 612 inviolateque
921 560 1011 598 serva

163 615 250 670 bitis.”

215 691 329 746 XXIII.
366 697 406 746 82.
425 693 511 762 Cyrus
528 693 640 761 quidem
657 694 724 747 haec
744 695 868 748 moriens.
904 695 969 764 Nos,
988 697 1010 754 si

162 767 259 836 placet,
276 772 370 821 nostra
390 768 538 821 videamus.
575 769 663 821 Nemo
681 787 800 838 unquam
818 770 892 835 mihi,
914 771 1011 840 Scipio,

162 843 339 911 persuadebit
358 847 407 897 aut
425 847 533 912 patrem
552 843 630 897 tuum
648 844 779 907 Paullum,
798 850 846 899 aut
863 846 932 899 diros
947 864 1010 901 avos

163 918 287 972 Paullum
296 923 325 972 ot
333 920 499 986 Africanum,
509 919 686 972 autAiricani
694 925 808 988 patrem,
818 925 867 975 aut
876 926 1010 990 patruum,

161 998 210 1048 aut
228 996 329 1048 multos
346 999 519 1064 praestantes
537 996 610 1048 viros
629 1011 697 1063 quos
717 1013 877 1050 enumerare
895 1015 949 1050 non
967 1002 1010 1052 est

161 1087 279 1138 neeesse,
291 1075 370 1124 tanta
388 1088 448 1125 esse
466 1075 577 1138 conatos
595 1089 665 1140 quae
680 1072 716 1142 ad
728 1073 898 1142 posteritatis
910 1090 1008 1127 memo

161 1145 230 1198 riam
242 1147 421 1214 pertinerent,
440 1148 493 1201 nisi
509 1148 598 1200 animo
611 1152 755 1202 cernerent
766 1149 958 1218 posteritatem
974 1149 1009 1203 ad

162 1237 191 1274 se
211 1224 357 1289 pertinere.
392 1225 438 1276 An
459 1240 560 1289 censae,
578 1226 610 1276 ut
626 1223 661 1276 do
674 1241 718 1277 me
736 1224 795 1292 ipso
814 1224 919 1292 aliquid
934 1241 1009 1278 more

161 1313 256 1348 senum
268 1298 377 1365 glorier,
395 1315 440 1351 me
457 1301 550 1350 tantos
563 1298 671 1351 labores
684 1298 796 1352 diurnos
808 1303 1009 1367 nocturnosque

161 1371 235 1424 domi
249 1373 418 1441 militiaeque
436 1377 626 1440 suscepturum
644 1373 735 1439 fuisse,
754 1374 777 1426 si
795 1374 892 1427 iisdem
910 1375 1009 1429 linibus

160 1446 274 1513 gloriam
303 1464 392 1501 meam
426 1447 525 1515 quibus
543 1447 640 1503 ¹vitam
672 1465 760 1502 essem
793 1449 1009 1504 terminaturusl

160 1521 258 1576 Nonne
269 1523 367 1576 melius
378 1524 465 1577 multo
477 1523 574 1576 luisset
586 1524 701 1576 otiosam
714 1527 833 1577 aetatem
846 1527 875 1576 et
888 1524 1008 1592 quietam

160 1598 219 1650 sino
236 1598 290 1651 ullo
309 1599 402 1653 labore
420 1603 449 1653 ct
467 1599 640 1653 contentione
652 1599 814 1653 traducerel
851 1599 906 1652 Sed
918 1601 1009 1654 nescio

160 1675 295 1741 quomodo
319 1677 424 1729 animus
448 1676 555 1742 erigens
580 1691 609 1728 se
628 1675 817 1744 posteritatem
840 1675 880 1728 ita
901 1691 1009 1744 semper

158 1751 341 1818 prospiciebat
354 1752 431 1821 quasi
445 1769 528 1820 quum
541 1747 704 1805 excessisset
716 1767 732 1804 e
744 1751 801 1804 vita
812 1751 872 1804 tuin
885 1751 1008 1819 denique

159 1826 279 1880 victurus
291 1832 371 1881 esset.
408 1827 487 1892 erod
499 1827 611 1894 quidem
623 1827 651 1880 ni
663 1827 703 1880 ita
715 1843 745 1880 so
755 1826 870 1880 haberet
881 1829 913 1879 ut
924 1826 1007 1879 animi

158 1901 325 1957 immortales
334 1909 433 1972 essent,
441 1904 514 1956 haud
524 1905 621 1972 optimi
631 1903 763 1972 cujusque
771 1903 877 1955 animus
890 1902 1007 1955 maximo

158 1975 194 2031 td
212 1980 446 2033 immortalitatem
467 1979 570 2046 gloriae
591 1980 733 2033 niteretur.
770 1983 812 2032 83.
832 1977 912 2044 Quid,
931 1976 1005 2046 quod

158 2055 371 2122 sapientissirnus
384 2057 499 2124 quisquo
517 2056 680 2123 aequissimo
698 2055 787 2107 animo
803 2054 926 2118 moritur,
939 2053 1007 2106 stul-

158 2129 279 2184 tissimus
299 2131 485 2200 iniquissimol
522 2130 619 2184 Nonne
639 2129 715 2183 vobis
734 2129 845 2182 videtur
860 2128 965 2182 animus
983 2129 1006 2182 is

158 2206 205 2271 qui
221 2206 282 2272 plus
299 2211 393 2260 cernat
412 2211 441 2259 ot
459 2205 566 2273 longius
583 2206 677 2258 videre
696 2221 725 2258 se
743 2204 779 2257 od
797 2203 909 2256 meliora
925 2203 1006 2271 profi-

158 2279 235 2342 cisci;
256 2280 302 2332 ille
322 2284 414 2333 autem
433 2279 511 2348 eujus
531 2280 654 2332 obtusior
674 2280 710 2332 sit
729 2279 801 2332 acics
820 2295 874 2330 nou
892 2277 1005 2332 viderel

158 2353 293 2423 Equidem
317 2355 415 2408 efferor
439 2354 530 2408 studio
554 2359 646 2424 patres
670 2358 775 2408 vostros
797 2369 865 2422 quos
887 2353 956 2406 colui
977 2359 1006 2407 et

157 2429 241 2484 dilexi
261 2430 386 2495 videndi;
403 2446 493 2499 neque
514 2445 579 2482 vcro
600 2446 646 2483 eos
665 2430 751 2483 solum
772 2429 917 2482 convenire
938 2445 1006 2482 aveo

158 2523 226 2575 quos
245 2507 303 2575 ipso
322 2506 442 2575 cognovi,
462 2505 512 2559 sed
529 2505 590 2558 illos
607 2506 690 2558 etlam
703 2503 851 2573 dequibus
867 2503 959 2556 audivi
976 2509 1006 2559 ot

157 2582 210 2650 legi
223 2589 251 2637 et
262 2585 321 2652 ipsc
333 2582 487 2650 conscripsi
525 2581 585 2646 Quo
603 2582 714 2650 quidem
732 2596 776 2636 me
788 2579 1005 2648 proficiscentem

157 2657 231 2712 haud
243 2675 307 2713 sane
320 2660 381 2728 quis
391 2659 469 2712 facilc
481 2659 636 2725 retraxerit,
647 2673 736 2726 neque
748 2660 888 2725 tamquam
902 2656 1006 2710 Peliam

158 2735 300 2789 rccoxcrit.
337 2735 416 2800 Quod
434 2735 457 2788 si
476 2735 538 2803 quis
554 2734 621 2787 deus
637 2733 703 2786 milri
716 2732 848 2801 largiatur
859 2736 892 2786 ut
905 2749 939 2786 ex
955 2733 1006 2787 h'ac

157 2815 249 2864 notate
260 2827 449 2880 repuerascam
468 2815 497 2863 et
512 2811 541 2863 in
559 2810 634 2862 cunis
646 2809 760 2876 vagiam,
775 2809 853 2861 valdo
865 2824 1006 2876 recusem;

158 2903 207 2939 noc
219 2904 283 2940 vero
295 2887 374 2939 velim
388 2889 465 2954 qnasi
484 2886 599 2938 decurso
616 2886 704 2953 spatio
721 2885 756 2937 nd
768 2900 891 2938 earceres
903 2903 920 2939 a
933 2886 1005 2939 calce

158 2964 284 3016 revocari.
320 2968 362 3016 84.
388 2962 460 3027 Quid
481 2962 553 3014 enim
577 2961 660 3014 habet
683 2961 740 3014 vita
760 2961 912 3015 commodil
938 2960 1006 3029 quid

159 3033 212 3090 bon
234 3039 325 3105 potius
348 3037 465 3091 laborisl
510 3036 565 3090 Sed
588 3037 689 3090 habeat
712 3053 789 3091 sane:
819 3037 906 3091 habet
929 3039 1004 3091 corte

159 3118 251 3167 tamon
273 3117 322 3167 aut
344 3114 500 3168 satietatem
523 3116 572 3166 aut
595 3112 713 3165 modum.
748 3113 810 3166 Non
834 3113 912 3167 lubet
932 3112 1004 3166 enim
1045 3175 1049 3180 Ι

158 3187 226 3243 milri
249 3187 392 3258 deplorare
415 3189 507 3257 vitam,
531 3188 605 3259 quod
628 3187 708 3244 multi
731 3191 761 3243 ct
782 3188 802 3242 ii
823 3188 897 3242 docti
923 3202 1004 3256 saepo
