2272 3442
369 112 535 162 LAELIUS.
571 113 649 162 GAP.
669 113 703 162 V.
721 113 770 162 VI.
961 115 992 161 35

143 193 203 330 iim
213 193 336 264 peperit;
354 194 403 248 sed
415 210 448 246 ca
458 210 513 246 nen
525 193 591 246 satis
602 192 686 246 habet
698 193 844 248 firmitatis.
865 192 993 262 Namque

165 287 197 324 ee
212 273 335 338 praestat
358 269 478 322 amicitia
493 269 691 336 propinquitati
703 269 776 337 qnod
788 285 824 322 ex
834 269 993 338 propinqui-

144 347 204 400 tate
225 345 415 398 benevolentia
432 343 492 396 tolli
511 347 610 412 petest,
628 361 662 396 ex
682 343 801 397 amicitia
819 361 872 398 nen
884 347 992 412 petest:

74 415 78 425 ’
144 420 252 476 sublata
276 421 349 472 euim
373 419 560 472 benevolentia
589 419 724 472 amicitiae
753 436 851 472 nornen
880 420 993 484 tollitur,

144 495 356 564 propinquitatis
368 497 469 548 manet.
505 499 545 547 20.
575 495 683 558 Quanta
694 497 787 548 autom
799 495 839 548 vis
858 495 993 548 amicitiae

145 571 183 624 sit
192 587 226 624 ex
238 571 289 624 heo
300 570 416 637 intelligi
423 569 541 622 maxime
552 572 652 638 petest,
661 569 735 638 qued
747 586 781 622 ex
793 569 900 624 infinita
911 569 994 624 secie-

145 649 205 700 tate
217 646 325 714 generis
343 645 461 713 humani,
479 662 561 713 quam
580 645 733 698 conciliavit
751 645 811 712 ipsa
830 648 936 712 natura,
954 646 995 698 ito

145 724 286 774 contracta
293 737 337 774 res
347 724 390 774 est
401 725 430 774 et
439 719 559 774 adducta
567 721 596 772 in
605 723 750 788 angustum
759 723 791 773 ut
800 719 888 774 omnis
895 719 996 773 coritae

145 801 195 851 aut
207 797 280 850 inter
291 796 346 848 due
358 799 406 850 aut
417 797 491 849 inter
502 811 602 864 paucos
609 795 780 862 jungeretur.

197 873 248 926 VI.
284 873 335 926 Est
356 875 447 926 autem
472 871 591 924 amicitia
614 870 689 923 nihil·
705 871 780 924 aliud
799 871 852 924 nisi
876 873 995 926 emnium

145 947 297 1002 divinarum
317 948 551 1016 humanarumque
570 963 662 1000 rerum
680 963 741 1000 oum
760 946 922 1000 benovolent
892 947 949 1000 ntia
966 951 996 1000 et

144 1025 259 1079 caritate
278 1041 384 1078 summa
407 1023 560 1087 consensio,
587 1041 641 1092 qua
665 1023 809 1092 quidem
796 1022 870 1088 haud
888 1023 943 1076 scio
961 1039 1012 1077 an>
1123 1067 1124 1078 ,

145 1104 260 1169 excepta
272 1099 406 1167 sapientia
417 1099 482 1153 nihil
500 1100 597 1152 melius
614 1099 716 1152 homini
736 1099 801 1152 sita
817 1098 895 1151 diis
888 1115 996 1150 1mmer-
984 1095 1091 1172 -ὲὙ
1122 1139 1124 1146 ⁴

145 1175 247 1230 talibus
271 1177 373 1228 datum.
421 1175 538 1228 Divitias
563 1175 609 1228 alii
633 1177 809 1242 praeponunt,
834 1173 932 1226 bonam
950 1174 996 1226 alii
1040 1159 1124 1212 ¹2⁰*

145 1251 337 1317 valetudinem,
357 1251 404 1303 alii
424 1251 583 1319 potentiam,
604 1250 650 1302 alii
669 1250 793 1316 honores,
814 1249 894 1302 multi
912 1249 996 1302 etiam

145 1325 308 1394 voluptates.
343 1325 491 1378 Boluarum
502 1325 553 1378 hoc
565 1325 676 1392 quidem
688 1327 841 1377 extremum
854 1326 932 1390 [est]:
950 1325 998 1378 illa

106 1415 109 1422 ·
146 1403 240 1454 autem
262 1401 401 1468 superiora
420 1399 522 1452 caduca
542 1403 572 1452 et
590 1399 701 1465 ineerta,
719 1399 809 1467 posita
822 1416 876 1452 non
894 1400 997 1454 tamin

146 1475 263 1530 consiliis
274 1475 376 1536 nostris
388 1491 469 1544 quam
481 1475 509 1527 in
521 1475 646 1528 fortunae
657 1475 821 1528 temeritate.
840 1475 893 1538 Qui
904 1479 997 1530 autem

147 1552 177 1609 in
197 1552 300 1606 virtute
319 1568 453 1604 summum
471 1550 573 1604 benum
591 1553 703 1619 ponunt,
722 1551 860 1619 praeclare
879 1551 918 1605 illi
938 1552 997 1620 qui-

147 1628 226 1692 dem3
244 1627 295 1702 secl
306 1627 373 1680 haec
385 1627 445 1696 ipsa
455 1626 544 1680 virtus
556 1626 705 1680 amicitiam
720 1629 750 1679 ct
766 1627 854 1693 gignit
866 1631 895 1680 et
912 1627 997 1680 eonti-

146 1707 204 1769 nct,
226 1721 277 1757 nee
296 1704 355 1756 siue
374 1703 477 1756 virtute
500 1702 618 1756 amicitia
642 1718 702 1755 osso
725 1702 781 1754 ullo
802 1705 882 1770 pacto
899 1707 997 1770 potest.

147 1786 188 1833 21.
212 1779 277 1832 Jam
295 1779 428 1832 virtutem
447 1795 481 1832 ex
500 1778 696 1832 consuetudine
716 1778 790 1832 ritae
812 1779 998 1847 sermonisque

146 1854 459 1923 nostriinterpretemur‚
468 1871 518 1908 nee
527 1871 594 1921 cam,
602 1857 634 1907 ut
643 1854 755 1922 quidam
765 1855 998 1921 doeti‚vcrborunr

146 1929 511 1997 nmgmficentiametiamur;
523 1931 649 1998 virosque
657 1930 742 1983 bones
751 1947 797 1983 ees
806 1932 853 1998 qui
862 1931 999 1985 habentur

146 2007 454 2074 numeremus‚,PaulloS‚
471 2008 595 2072 Cotonea,
613 2006 713 2074 Gallos,
731 2007 876 2074 Scipiones,
890 2007 997 2061 Philos:

147 2079 189 2134 his
199 2082 411 2135 communisrita
420 2085 548 2136 contento
557 2085 615 2136 est:
628 2098 674 2134 ees
684 2085 775 2135 autem
785 2084 942 2136 omittamus
952 2083 999 2150 qui

147 2157 256 2209 omnino
271 2173 405 2225 nusquam
424 2158 604 2224 reperiuntur.
640 2157 718 2210 Tales
733 2157 818 2224 igitur
836 2159 909 2211 inter
928 2159 1000 2212 viros
1031 2151 1035 2178 ¹

113 2255 118 2262 ¹
148 2231 268 2284 amicitia
283 2234 375 2284 tantas
391 2232 610 2298 opportunitates
626 2231 711 2284 habet
731 2236 846 2298 quantas
866 2235 910 2286 vix
929 2251 1000 2300 queo

113 2307 121 2354 ’.
148 2305 248 2360 dicere.
283 2311 324 2358 22.
342 2305 486 2373 Principio,
499 2306 546 2373 qui
558 2309 651 2373 petest
663 2323 723 2358 usse
742 2307 798 2360 vita
807 2309 904 2372 vitalis,
916 2313 949 2362 ut
960 2310 1000 2364 ait

98 2404 108 2419 ··
148 2379 261 2447 Ennius,
274 2396 344 2448 quae
355 2396 410 2434 nen
421 2380 449 2432 in
462 2381 541 2434 amici
553 2383 649 2434 mutua
659 2380 851 2436 benevolentia
862 2385 1001 2452 conquies-

148 2458 212 2512 eatl
250 2455 321 2521 Quid
333 2455 439 2510 dulcius
451 2473 533 2524 quam
545 2454 647 2510 habere
664 2457 774 2526 quicum
791 2459 880 2513 emnia
898 2460 1001 2516 audeas

148 2533 188 2586 sio
203 2532 277 2600 loqui
290 2535 322 2586 ut
337 2533 449 2587 tecuml
485 2533 552 2598 Quis
571 2535 644 2587 esset
661 2535 755 2586 tantus
772 2533 877 2589 fructus
896 2535 924 2588 in
940 2552 1003 2605 pro-¹

89 2645 93 2654 ,
149 2607 236 2676 speria
253 2607 343 2674 rebus,
361 2608 413 2662 nisi
436 2607 552 2662 haberes
575 2609 622 2676 qui
645 2609 699 2662 illis
722 2625 809 2678 aeque
832 2628 864 2665 ae
886 2615 919 2666 tu
941 2614 1001 2682 ipse

88 2679 94 2687 “
148 2683 298 2752 gauderetl
334 2684 475 2740 Adversas
492 2701 557 2740 vere
577 2686 650 2739 ferro
671 2685 779 2740 difficile
800 2691 874 2742 osset
886 2689 944 2743 sine
968 2706 1001 2744 ee

149 2759 198 2829 qui
208 2757 269 2814 illas
277 2760 386 2828 gravius
398 2761 483 2815 etiam
492 2777 575 2830 quam
584 2764 616 2815 tu
628 2762 720 2816 ferret.
756 2762 883 2832 Denique
893 2768 1002 2819 ceterae

148 2851 194 2890 res
217 2851 287 2903 quac
308 2839 475 2905 expetuntur
492 2840 662 2905 opportunae
686 2841 750 2892 sunt
774 2839 1003 2908 singulae-rebus

148 2911 206 2966 fere
221 2911 334 2978 singulis
345 2932 351 2976 3
364 2912 476 2966 divitiae
487 2915 520 2966 ut
531 2916 611 2967 utare
621 2934 627 2978 3
638 2929 704 2982 epos
716 2917 749 2968 ut
765 2915 872 2980 colare;
887 2915 1003 2970 honores

148 2989 181 3039 ut
192 2985 304 3040 laudere
314 3008 321 3052 ;
333 2987 486 3055 voluptates
502 2991 535 3042 ut
552 2990 691 3056 gaudeas3
707 2991 835 3045 valetudo
855 2993 888 3043 ut
909 2991 1003 3044 delere

149 3077 242 3122 armas
266 3065 294 3115 et
317 3063 476 3117 muneribus
504 3065 618 3130 irrogare
646 3067 782 3132 corperis:
809 3065 929 3118 amicitia
956 3083 1002 3120 res

150 3136 281 3203 plurimas
301 3137 429 3191 continet.
475 3140 589 3207 Quoque
612 3143 642 3193 te
662 3141 778 3194 verteris
806 3143 916 3207 praesto
939 3145 1002 3199 cst:
