2256 3448
165 137 213 184 128
430 177 432 184 ,
478 133 527 180 ΒΕ
544 132 698 182 OFFICIIS

163 218 333 284 hominibus,
352 217 384 269 id
408 218 457 284 cst,
476 216 558 269 bonis
579 215 648 267 viris
667 215 713 286 ¹ita
732 215 804 268 fides
827 215 957 286 habetur,
976 222 1010 272 ut

162 300 240 351 nulla
257 297 294 349 sit
311 296 342 348 in
359 296 395 348 iis
413 296 520 349 fraudis
537 295 711 364 iniuriaeque
734 295 864 365 suspicio
910 299 1009 366 Itaque

163 377 207 430 1110
226 377 346 430 salutem
365 381 497 444 nostrum,
512 376 557 428 his
576 375 710 443 fortunas
726 376 771 427 lris
791 375 895 430 liberos
914 379 1009 431 rectis·

162 457 231 511 sime
245 456 386 511 committi
397 457 569 510 arbitramur.
607 457 649 510 34.
669 457 776 508 Harum
788 452 1010 526 igitur-'duarum

162 539 198 591 ad
208 538 293 592 fidem
305 537 463 592 faciendam
475 536 583 590 iustitia
595 538 660 606 plus
671 537 768 606 pollet,
778 537 886 607 quippe
898 553 963 592 eum
976 556 1009 594 ea

162 617 222 676 sine
233 619 386 688 prudentia
397 617 464 671 satis
476 617 579 670 habeat
591 617 775 686 auctoritatis,
784 619 937 686 prudentia
950 619 1008 673 sine

161 698 271 753 iustitia
288 699 362 752 nihil
378 700 471 752 valcat
488 697 525 749 ad
537 696 703 760 ,faciendam
720 697 814 752 fidem.
851 699 915 765 Quo
933 700 1009 753 eninr

161 780 225 847 quis
243 779 380 832 versutior
397 783 426 831 et
443 777 581 844 callidior,
598 778 652 830 hoc
670 777 788 832 invisior
805 781 834 831 et
852 780 1009 848 suspectior

161 860 288 914 detracta
307 859 439 929 opinione
457 857 615 928 probitatis.
653 858 745 924 Quam
764 859 802 911 ob
821 874 881 912 rem
899 860 1008 914 intelle·

161 940 272 1006 gantiae
290 939 399 991 iustitia
416 939 565 992 coniuncta
586 943 724 1008 quantum
741 939 817 992 volet
835 939 953 994 habebit
971 941 1008 994 ad

160 1019 319 1071 faciendam
333 1019 418 1071 fidem
432 1019 549 1073 virium:
568 1019 677 1072 iustitia
693 1013 754 1072 sine
768 1019 923 1089 prudentia
938 1022 1008 1074 mul-

160 1102 221 1150 tum
233 1098 345 1167 poterit,
358 1098 416 1152 sine
429 1098 537 1152 iustitia
550 1099 622 1152 nihil
634 1099 740 1154 valebit
751 1099 912 1169 prudentia.

196 1178 232 1232 X.
256 1181 311 1232 ab.
332 1179 396 1247 Sed,
412 1196 447 1232 ne
466 1179 530 1248 quis
548 1179 586 1232 sit
604 1179 759 1234 admiratus
777 1195 835 1246 cur,
850 1195 916 1232 curn
934 1179 1008 1234 inter

160 1273 257 1312 omnes
270 1258 455 1330 philosophos
470 1263 579 1313 constet
592 1276 608 1312 a
619 1275 720 1329 meque
734 1260 797 1330 ipso
812 1276 895 1330 saepe
912 1261 1008 1330 dispu-

160 1341 251 1392 tatum
272 1339 309 1393 sit
328 1339 378 1408 qui
397 1355 482 1392 unam
502 1340 619 1393 haberet
640 1340 859 1394 omneshabere
877 1340 1006 1410 virtutes,

160 1435 235 1474 nunc
256 1420 298 1474 ita
320 1421 474 1490 seiungam,
491 1420 571 1488 quasi
590 1420 680 1489 possit
701 1420 858 1490 qnisquam,
877 1421 928 1490 qui
949 1432 1008 1474 non
1060 1489 1062 1494 Ι

159 1501 237 1554 idem
251 1503 375 1572 prudens
390 1502 434 1569 sit,
447 1501 538 1554 iustus
552 1517 618 1570 esse,
632 1501 686 1554 alia
701 1506 744 1555 cst
755 1501 813 1570 illa,
826 1517 891 1554 cum
903 1502 1007 1556 veritas

159 1580 221 1650 ipsa
241 1583 354 1634 limatur
373 1581 403 1633 in
424 1580 623 1650 disputatione,
638 1581 787 1649 subtilitas,
805 1582 868 1650 alia,
883 1597 948 1636 cum
968 1583 1006 1636 ad
1094 1647 1097 1652 Ι

159 1661 322 1728 opinionem
343 1677 520 1714 communem
541 1661 632 1714 omnis
655 1658 886 1715 accommodatur
906 1663 1004 1720 oratio.

159 1741 250 1804 Quam
268 1742 305 1793 ob
323 1758 390 1809 rem,
402 1746 435 1794 ut
449 1741 559 1810 vulgus,
572 1741 613 1794 ita
630 1758 682 1795 11οο
700 1742 755 1795 boo
772 1743 836 1796 loco
854 1736 1005 1812 loquimur,

159 1815 193 1871 irt
207 1821 278 1872 alios
292 1821 385 1889 fortes,
399 1821 469 1874 alios
484 1812 563 1876 viros
577 1823 673 1891 bonos,
686 1823 756 1876 alios
773 1817 929 1892 prudentes
945 1840 1005 1878 esso

159 1899 292 1954 dicamus.
328 1901 517 1968 Popularibus
538 1902 614 1955 enim
632 1903 726 1956 verbis
747 1908 790 1956 est
813 1904 955 1974 agendum
976 1917 1005 1958 et

158 1977 279 2048 usitatis,
297 1993 362 2032 cum
381 1981 530 2050 loquamur
551 1984 587 2036 de
609 1982 741 2052 opinione
760 1982 899 2054 populari,
917 1985 1005 2052 idque

157 2061 259 2113 eodem
273 2061 360 2114 modo
374 2061 443 2115 fecit
455 2063 614 2117 Panaetius.
653 2064 710 2116 Scd
724 2064 762 2117 ud
773 2064 950 2134 propositum
964 2081 1005 2118 re-

157 2146 306 2196 vertamur.
345 2144 387 2196 36,
406 2143 476 2195 Erat
487 2143 577 2211 igitur
591 2159 626 2196 ex
638 2143 821 2211 tribus,·quae
833 2143 871 2196 ad
884 2144 1006 2213 gloriam

157 2222 307 2290 pertinent,
320 2221 376 2274 1100
390 2223 513 2289 1011111111,
526 2227 559 2274 ut
574 2239 638 2276 cum
655 2223 840 2279 admiratione
857 2224 1005 2278 hominum

157 2303 262 2357 honore
280 2303 316 2356 ab
335 2302 371 2356 iis
388 2302 471 2372 digni
485 2302 680 2357 iudicaremur.
710 2304 904 2368 Admirantur
915 2303 1005 2374 igitur

157 2383 343 2437 communiter
354 2383 399 2436 illi
412 2383 527 2451 quidem
540 2384 642 2453 omnia,
654 2379 726 2453 quae
737 2401 840 2454 magna
852 2389 882 2438 et
893 2391 1014 2455 practer·
1111 2421 1112 2445 r

118 2527 123 2538 x
156 2464 319 2531 opinionem
334 2479 413 2516 suam
425 2463 691 2533 animadverterunt,
704 2464 854 2534 separatim
865 2471 959 2518 autem
972 2466 1004 2518 in

156 2541 283 2612 singulis,
304 2544 329 2596 si
349 2544 524 2614 perspiciunt
545 2541 736 2614 nec‘opinata
759 2545 898 2614 quaedam
919 2546 1002 2600 bona.

156 2619 254 2688 Itaque
271 2637 319 2674 eos
337 2624 412 2676 viros
430 2623 587 2692 suspiciunt
604 2625 789 2692 maximisque
808 2625 927 2679 efferunt
944 2627 1003 2679 lau-

156 2699 250 2768 dibus,
263 2700 410 2770 inquibus
423 2703 585 2756 existimant
598 2720 627 2758 00
642 2707 810 2759 excellentes
825 2701 961 2774 quasdam
974 2711 1003 2760 et

156 2778 311 2848 singulares
323 2783 478 2851 perspicere
490 2783 617 2853 virtutes,
631 2785 790 2854 despiciunt
804 2790 899 2839 autem
912 2803 958 2840 eos
974 2791 1003 2840 et

155 2863 348 2930 contemnunt,
358 2861 389 2914 in
401 2863 505 2930 quibus
516 2863 589 2917 nihil
600 2864 722 2934 virtutis,
735 2865 809 2918 nihil
821 2865 917 2935 animi,
929 2866 1002 2920 nihil

156 2957 305 2994 nervorum
320 2947 429 3011 putant.
466 2944 531 2997 Non
547 2944 622 3000 enim
637 2962 732 2999 01111100
747 2951 1007 3014 000.0011101111111111,“

156 3023 192 3074 (10
205 3021 307 3089 quibus
320 3023 392 3074 male
407 3021 576 3077 existimant.
612 3025 686 3077 Nam
699 3041 768 3093 quos
780 3025 932 3095 improbos,
945 3043 1001 3080 ma·
1107 3041 1108 3044 ’

135 3139 141 3150 .
155 3100 269 3168 lcdieos,
282 3100 477 3153 fraudulentos
489 3105 592 3168 putant
604 3107 633 3155 et
647 3105 685 3156 ad
696 3104 856 3158 faciendam
868 3105 1001 3159 iniuriam
