2256 3448
135 91 183 138 160
445 88 495 137 DE
513 86 666 138 OFFICIIS

134 172 233 240 Itaque
249 187 314 238 non,
327 174 360 222 ut
377 170 530 238 aliquando
547 175 778 239 anteponeremus
793 168 875 222 utilia
893 169 979 222 hono·
1041 158 1044 163 ’

133 253 191 320 etio,
202 253 251 306 sed
266 257 342 304 ntea
357 251 416 304 sino
429 268 519 304 errore
532 251 760 318 diiudicarernus,
770 250 798 302 si
808 250 924 317 quando
936 250 978 302 in-

134 333 275 401 cidissent,
288 332 402 384 induxit
420 349 490 400 eam,
504 349 575 400 quae
590 332 733 384 videretur
752 347 819 398 esse,
832 348 891 384 non
907 347 979 399 quae

133 419 213 481 esset,
234 413 456 482 repugnantiam.
495 415 576 465 Hanc
602 412 690 481 igitur·
717 417 825 481 partem
850 411 979 464 relictam

133 493 307 562 explebimus
325 493 411 546 nullis
429 493 617 560 adminIculis,
634 493 691 560 sed,
707 499 740 544 ut
759 491 979 559 dicitur,Ma1te

133 579 236 628 nostro.
273 575 372 642 Neque
388 574 463 626 enim
475 573 632 641 quidquam
647 578 689 626 est
705 573 740 625 de
756 573 809 624 hac
822 577 901 641 parto
913 577 979 640 post
1031 633 1038 647 Ι

133 655 248 708 Panaet
228 660 300 708 trum
312 654 492 723 explicatum,
501 655 580 721 quod
590 653 706 721 quidem
718 652 790 705 rnihi
801 653 978 722 probaretur,

134 735 308 805 dc''1rs,quae
320 735 351 786 in
364 751 461 788 manus
473 751 548 788 meas
560 733 697 786 venerint.

169 817 245 870 VIII.
281 819 322 869 35.
339 815 435 868 Cum'
427 815 482 884 igit
484 831 516 867 ur
537 815 632 883 aliqua
651 813 757 884 species
779 780 913 866 utilitatis
930 813 978 865 ob

133 895 206 948 iectu
230 900 280 962 est,
296 895 465 948 conrmoveri
487 911 598 948 necesse
620 900 670 948 est.
709 896 766 948 Sed
785 894 817 962 si,
834 910 899 947 cuni
919 893 978 946 ani-

133 991 210 1026 munr
220 975 371 1027 attenderis
373 974 593 1052 ,turpitudinem
603 975 701 1034 videns
713 973 914 1028 adiunctam
891 991 917 1026 er
929 974 977 1041 rei,

134 1071 206 1123 qnae
215 1054 335 1124 speciem
347 1041 478 1108 utilitatis
491 1055 625 1124 attulerit,
633 1060 694 1108 tum
706 1072 763 1108 non
775 1055 885 1108 utilitas
896 1055 978 1108 relin-

123 1136 247 1208 quenda
265 1140 314 1204 est,
330 1137 379 1188 sed
398 1136 621 1230 intellegendum
640 1137 690 1189 ubi
708 1136 856 1206 turpitudo
876 1135 921 1203 sit,
936 1135 978 1187 ibi

134 1216 211 1270 utilit
200 1221 286 1270 tatem
299 1233 358 1270 esse
371 1233 428 1270 non
441 1234 528 1286 posse.
564 1217 681 1283 Quod
660 1234 684 1270 er
699 1217 772 1270 nihil
787 1222 829 1270 est
840 1221 900 1270 tam
913 1233 978 1269 con·

134 1302 178 1350 tra
187 1303 315 1350 naturam
325 1313 409 1366 quem
418 1297 677 1366 turpitudo—recte
686 1297 761 1350 enim
771 1302 799 1349 et
811 1291 979 1351 co'nvenien-

134 1378 174 1431 tia
190 1384 218 1431 et
233 1377 390 1432 constantia
405 1385 503 1430 natura
518 1377 659 1430 desiderat
678 1383 897 1447 aspernaturque
913 1393 979 1429 con·

134 1458 381 1525 traria-nihilque
394 1462 451 1510 tarn
462 1458 616 1510 secundnm
628 1463 756 1510 naturam
766 1473 851 1526 quem
859 1457 978 1526 utilitas,

134 1544 209 1592 certe
218 1539 249 1592 in
262 1539 359 1592 endem
371 1555 400 1590 re
413 1537 521 1590 utilitas
530 1542 559 1590 et
571 1538 720 1607 turpitudo
733 1555 791 1591 esse
803 1554 861 1590 non
873 1543 977 1607 potest.

134 1619 268 1688 Itemque,
282 1619 305 1672 si
320 1621 358 1672 ad
372 1619 546 1671 honestatem
560 1619 621 1672 nati
635 1635 730 1672 sumus
748 1635 835 1686 eaque
854 1623 904 1672 aut
918 1619 979 1672 sola

134 1701 292 1768 expetenda
311 1704 360 1765 est,
376 1704 408 1752 ut
430 1697 534 1752 Zenoni
552 1698 644 1753 visum
667 1705 717 1766 est,
736 1704 785 1752 aut
805 1703 879 1752 certe
899 1699 980 1752 omui

134 1780 259 1847 pondere
277 1780 390 1849 gravior
408 1780 538 1833 habenda
557 1796 641 1848 quam
659 1780 767 1848 reliqua
785 1779 888 1848 omnia,
899 1780 978 1847 quod

134 1859 280 1910 Aristoteli
302 1861 403 1928 placet,
420 1876 531 1913 necesse
552 1865 601 1928 est,
616 1861 693 1928 quod
714 1861 863 1914 honestum
885 1861 930 1928 sit,
944 1861 977 1914 id

134 1953 194 1990 esse
208 1943 257 1990 ant
272 1940 362 1992 solum
377 1944 425 1991 aut
444 1956 582 1992 summum
598 1941 711 2007 bonum,
726 1941 804 2007 quod
819 1944 913 1993 autern
930 1941 977 1992 bo-

134 2035 210 2086 uum,
223 2018 256 2072 id
274 2024 348 2073 certe
365 2019 443 2086 utile,
456 2019 504 2087 ita,
519 2020 659 2088 quidquid
678 2021 835 2089 honestum,
847 2020 880 2074 id
896 2021 974 2073 utile.

135 2103 177 2154 36.
194 2102 255 2167 Qua
265 2118 293 2154 re
303 2117 378 2153 error
388 2100 534 2153 hominum
547 2117 603 2153 non
615 2102 774 2170 proborum,
784 2117 848 2154 cum
857 2101 976 2169 aliquid,

134 2182 212 2249 quod
225 2182 294 2246 utile
307 2181 398 2235 visum
410 2186 460 2246 est,
471 2181 603 2250 adripuit,
614 2181 645 2233 id
660 2181 793 2234 continuo
809 2181 929 2234 secernit
941 2183 977 2234 ab

134 2263 259 2330 honesto.
297 2262 372 2315 Hinc
391 2262 472 2329 sicae,
490 2261 557 2314 hinc
576 2277 691 2329 venena,
710 2261 777 2314 hinc
800 2261 869 2314 falsa
893 2266 977 2315 testa-

83 2334 88 2345 '
134 2349 228 2396 menta
251 2347 410 2409 nuscuntur,
428 2341 495 2394 hinc
517 2341 600 2408 furta,
619 2343 772 2410 peculatus,
791 2341 977 2411 expilationes

134 2423 361 2493 direptionesque
375 2421 515 2475 sociorum
530 2427 559 2475 et
573 2421 686 2490 clvium,
695 2421 762 2474 hinc
777 2439 864 2492 opum
878 2421 976 2475 nimia-

133 2511 194 2554 rum
207 2504 351 2572 potentiae
363 2519 420 2556 non
434 2501 572 2571 ferendae,
582 2507 724 2572 postremo
739 2502 824 2555 etiam
836 2501 867 2554 in
879 2503 976 2555 liberis

134 2581 296 2636 civitatibus
305 2583 442 2653 regnandi
452 2582 590 2636 exsistunt
602 2583 780 2653 cupiditates,
790 2582 893 2650 quibus
902 2583 975 2635 nihil

133 2677 186 2713 nec
206 2662 322 2715 taetrius
343 2679 394 2716 nec
415 2663 526 2716 foedius
548 2663 703 2732 excogitari
723 2668 825 2733 potest.
862 2664 975 2716 Emolu-

133 2745 227 2794 menta
241 2741 315 2794 enim
332 2759 423 2796 rerum
440 2743 588 2797 fallacibus
606 2743 720 2796 iudiciis
734 2744 840 2812 vident,
853 2760 975 2813 poenam

133 2839 191 2874 non
212 2821 278 2874 dico
297 2823 399 2891 legum,
413 2840 482 2892 quas
504 2841 585 2893 saepe
606 2829 797 2894 perrumpunt,
814 2825 865 2877 sed
886 2825 975 2894 ipsius

133 2902 324 2972 turpitudinis
344 2919 416 2968 quoe
440 2904 617 2958 acerbissima
641 2910 690 2973 est,
709 2922 766 2958 non
784 2905 894 2958 vident.
932 2908 974 2960 37.

134 2983 224 3045 Quam
234 2983 271 3034 ob
280 2997 338 3034 reni
347 2981 402 3032 hoc
410 2983 524 3046 quidem
533 2984 748 3038 deliberantium
757 3002 846 3054 genus
854 2987 976 3055 pellatur

134 3061 336 3121 emedio—est
350 3058 424 3113 enim
439 3064 530 3114 totum
545 3064 709 3118 sceleratum
724 3069 753 3118 et
767 3065 976 3136 impium—qui
