2272 3442
421 43 433 71 t·

338 121 558 193 ,nannius
595 121 671 170 cnr.
691 121 739 168 1v.
960 128 989 173 aa

142 203 228 272 ceptis
248 202 303 256 suis
322 201 497 266 erudierunt3
519 201 562 254 vel
583 200 642 269 ejus
662 201 709 270 qui
729 201 865 272 Apollinis
884 205 990 258 oraculo

142 279 357 349 sapientissimus
370 282 413 331 est
421 278 570 345 judicatus,
581 279 628 346 qni
640 295 693 330 non
706 281 766 331 tum
777 278 835 346 hoc,
843 281 903 332 tum
915 279 990 342 illud,

142 359 174 409 ut
199 355 227 408 in
246 355 390 424 plerisque,
411 354 460 406 sed
483 353 558 406 idem
579 370 694 422 semper,
715 354 828 406 Animos
852 355 991 407 hominurn
1060 418 1061 423 Ἰ

143 448 202 484 csse
221 431 333 496 divinos,
351 431 438 497 iisque
455 446 539 496 quum
556 445 571 480 e
588 445 701 496 corpere
720 429 902 482 excessissent
921 431 991 482 redi-

142 509 202 560 tum
219 508 247 558 in
265 507 369 559 eoelum
387 512 490 572 patere,
506 505 662 572 optimoque
680 509 709 557 et
723 503 876 572 justissime
894 505 991 572 cuique

142 583 385 650 expeditissimum.
423 586 462 632 14.
481 580 561 642 Quod
568 579 642 632 idem
656 580 773 647 Scipioni
787 579 932 632 videbatur
944 582 991 648 qni

143 659 262 726 quidem,
271 658 348 726 quasi
360 657 535 726 praesagiret,
547 657 689 724 perpaucis
699 659 887 710 antemertem
896 656 992 710 diebus

143 751 226 802 quum
236 739 265 786 et
275 734 369 786 Philus
382 737 410 786 et
422 733 549 786 Manilius
561 733 689 793 adessent
699 735 728 785 et
740 731 785 784 alii
797 731 896 800 plures,
906 735 992 800 tuque

142 811 231 874 etiam,
251 809 384 873 Scaevola,
404 826 509 862 mecum
523 809 650 875 venisses,
668 808 792 862 triduum
811 807 939 861 disseruit
957 808 992 861 de

57 915 63 926 ·
142 902 173 939 re
190 885 312 954 publica;
333 884 410 952 cujus
428 884 620 954 disputationis
638 883 692 936 fnit
710 887 863 937 extrcnnnn
881 883 938 936 fere
956 885 991 937 dc

142 961 348 1016 immortalitate
360 961 516 1028 animorum,
526 977 596 1028 quae
608 977 638 1012 sc
651 961 678 1012 in
692 961 784 1028 quiete
796 977 846 1028 per
857 959 944 1011 visum
957 977 991 1012 cx

144 1037 274 1090 Africano
287 1037 394 1090 audisse
407 1036 523 1089 (licebat.
561 1035 597 1088 Id
609 1035 632 1088 si
646 1037 686 1088 ita
698 1039 783 1088 estut
796 1035 892 1103 optimi
905 1034 992 1102 cujus

143 1130 197 1180 que
215 1114 319 1166 animus
337 1113 365 1164 in
383 1115 471 1164 morte
488 1112 614 1164 fracillime
633 1111 722 1164 evolet
740 1116 879 1179 tamquam
899 1128 915 1164 e
933 1116 993 1164 cusss

134 1189 217 1260 'tedia
229 1189 395 1255 vinculisque
404 1188 532 1256 corporis,
542 1188 585 1240 cui
597 1181 738 1242 censemus
751 1204 858 1240 cursum
872 1187 908 1240 ad
925 1187 992 1240 deos

142 1264 290 1316 faciliorem
301 1264 385 1316 fuisse
398 1280 479 1330 quam
493 1263 609 1330 Scipioni
618 1253 796 1331 l-tQuocirca
807 1279 930 1316 maerere
941 1263 991 1315 hoc

143 1339 203 1405 ejus
215 1343 316 1391 eventu
326 1354 422 1390 vercor·
433 1354 468 1389 ne
480 1337 564 1388 invidi
576 1337 663 1404 magis
677 1354 757 1404 quam
771 1338 850 1390 amici
862 1339 905 1391 sit.
944 1339 991 1391 Sin

143 1418 235 1466 autem
254 1413 300 1466 illa
319 1413 425 1465 veriora
442 1416 474 1464 ut
493 1413 566 1466 idem
586 1413 715 1464 interitus
736 1414 771 1466 sit
791 1413 941 1466 animorum
962 1419 992 1466 et

142 1506 285 1558 corporum
302 1506 352 1542 nec
367 1488 438 1541 ullus
455 1505 549 1541 sensus
566 1491 683 1554 mancat,
701 1492 732 1542 ut
746 1488 813 1540 nihil
827 1488 891 1541 boni
906 1490 992 1542 estin

142 1569 238 1632 morte,
252 1566 290 1618 sie
302 1568 377 1620 certe
389 1564 454 1617 nihil
466 1565 537 1620 mali.
572 1566 659 1619 Sensn
671 1565 740 1618 enim
755 1565 861 1636 amisse,
874 1564 906 1616 iit
918 1564 991 1617 idem

97 1704 99 1708 ‚
143 1641 221 1710 quasi
234 1645 315 1694 natus
330 1659 383 1694 nen
396 1643 469 1694 esset
481 1635 604 1706 (iumine,
623 1658 704 1709 quem
719 1644 811 1694 tamen
824 1657 883 1693 csse
899 1644 991 1693 natum

143 1721 171 1770 ct
190 1735 238 1770 nos
256 1717 407 1786 gaudemus
428 1720 456 1770 et
475 1717 542 1770 hacc
561 1717 656 1781 civitas
676 1717 741 1770 dum
761 1717 815 1770 erit
834 1716 991 1770 lactabitur.

145 1799 183 1846 15.
203 1793 384 1858 Quamobrem
399 1809 460 1846 cum
474 1793 520 1846 illo
536 1793 654 1860 quidem,
672 1797 704 1846 ut
720 1792 881 1861 supradixi,
900 1796 991 1844 actum

143 1869 245 1936 optime
260 1872 310 1935 est,
325 1885 431 1922 mecum
447 1868 649 1932 incommodius,
666 1886 747 1939 Qu
766 1869 858 1920 fuerat
872 1868 991 1935 aequius,
1013 1936 1026 1949 μ

141 1947 174 1996 ut
185 1944 260 2012 prius
271 1945 436 2011 introieram,
450 1945 488 1998 sic
502 1946 577 2012 prius
590 1945 665 1998 exire
678 1945 713 1997 de
725 1944 791 1998 vita.
829 1943 885 1997 Sed
899 1947 991 1996 tamen

142 2020 330 2076 recordatione
344 2024 453 2074 nostrae
468 2021 602 2074 amicitiae
615 2021 653 2073 sic
665 2021 741 2072 fruor
753 2024 785 2073 ut
800 2020 880 2074 beate
893 2019 992 2072 vixisse

1050 1789 1126 1868 t'iz‘*

1036 1871 1108 1960 ism

142 2095 243 2170 vide-ar,
259 2097 322 2165 quia
340 2113 401 2148 cum
420 2097 543 2164 Scipione
561 2096 691 2160 vixerim3
709 2113 826 2163 quocum
844 2095 912 2147 mihi
930 2112 991 2147 eon·
1059 2147 1061 2152 ,

138 2170 236 2238 juncta
248 2188 312 2223 cura
324 2171 359 2224 dc
374 2187 405 2222 re
419 2171 527 2237 publica
541 2174 570 2222 et
585 2171 620 2224 de
635 2171 742 2237 privata
758 2170 818 2233 fuit,
832 2187 947 2237 quocrrm
963 2173 991 2222 ct

142 2245 238 2298 demus
248 2246 301 2298 fnit
309 2249 337 2299 et
344 2246 440 2298 militia
451 2249 608 2316 communis,
616 2251 645 2300 et
651 2249 679 2301 id
688 2248 714 2300 in
724 2263 778 2316 quo
790 2250 834 2299 cst
850 2246 935 2298 omnis
951 2245 991 2296 vis

141 2319 285 2386 amicitiae,
302 2320 479 2385 voluntatum,
496 2319 656 2386 studiorum,
672 2320 868 2372 sententiarum
887 2337 992 2372 summa

141 2396 288 2450 consensio.
331 2396 431 2464 ltaque
449 2411 503 2448 non
522 2398 579 2448 tam
603 2395 656 2448 ista
676 2411 721 2448 me
741 2394 890 2462 sapientiae
910 2412 991 2464 quam
1051 2441 1052 2444 ,

141 2471 221 2526 niodo
237 2471 356 2524 Fannius
371 2471 591 2525 commemoravit
605 2471 677 2524 fama
691 2470 817 2536 delectat,
832 2470 899 2524 falsa
916 2487 992 2539 prac-

141 2549 243 2615 sertim,
256 2565 337 2616 qnam
356 2547 430 2615 quod
449 2547 583 2600 amicitiae
602 2550 713 2600 nostrae
731 2547 889 2600 memoriam
912 2563 991 2616 spero

140 2625 334 2692 sempiternam
345 2624 413 2677 fore.
450 2623 539 2691 ldquc
552 2623 617 2676 mihi
630 2640 662 2676 eo
675 2622 761 2690 magis
775 2626 817 2676 est
830 2623 905 2675 cordi
918 2623 991 2691 quod

141 2717 175 2754 cx
194 2699 317 2754 omnibus
342 2699 438 2753 seculis
456 2700 502 2752 vix
521 2699 575 2753 tria
596 2703 644 2752 aut
664 2703 794 2768 quattuor
818 2699 991 2752 nominantur

140 2776 216 2844 paria
228 2776 389 2839 arnicorum;
408 2793 462 2844 quo
474 2776 503 2828 in
514 2793 614 2843 genere
627 2792 738 2843 sperare
752 2774 848 2827 vid-cer
861 2774 991 2842 Scipionis

140 2855 170 2905 ct
190 2851 271 2904 Laelii
292 2852 437 2904 amicitiam
455 2857 547 2905 notam
566 2851 723 2920 posteritati
738 2851 805 2904 fore.
844 2857 883 2904 16.
903 2851 991 2902 Fanni.

141 2927 223 2980 Istud
235 2926 353 2994 quidem,
367 2928 448 2992 Laeli,
461 2928 500 2981 ita
511 2945 621 2982 necesse
633 2931 682 2981 cst.
719 2927 773 2982 Sed
787 2928 914 2996 quoniam
926 2925 992 2978 anri-

139 3003 220 3055 citiae
232 3002 396 3055 mentionem
409 3003 497 3056 fecisti
511 3007 539 3056 et
553 3019 646 3056 sumus
654 3004 741 3067 otiosi,
752 3007 912 3071 pergratum
924 2999 991 3051 milri

139 3077 244 3142 feceris,
256 3092 336 3143 spero
348 3077 414 3130 item
425 3079 576 3147 Scaevolae,
589 3079 611 3130 si
624 3079 853 3147 quemadmodum
867 3077 936 3128 soles
955 3075 989 3126 dc

139 3151 239 3206 ceteris
256 3149 339 3204 rebus
360 3171 443 3222 quum
465 3171 499 3207 ex
518 3158 547 3208 te
569 3157 746 3222 quaeruntur,
759 3154 798 3206 sic
815 3153 850 3204 de
871 3149 1010 3206 amicitia.
