2256 3448
126 141 174 189 164
440 137 660 190 Duorrlcns

126 228 189 277 stas.
228 226 298 277 (lum
313 227 406 276 autern
418 223 448 275 in
464 223 595 292 amicitia,
607 240 677 292 quae
690 223 808 276 honesta
823 240 880 275 non
895 228 969 294 sunt,

124 305 350 373 postulabuntur,
364 303 464 373 religio
483 307 511 356 θῖ
527 303 597 356 fides
616 308 802 376 anteponatur
820 303 970 359 amicitiae.

126 384 172 436 Sie
193 383 343 436 habebitur
366 383 399 450 is,
418 399 501 452 quern
526 383 704 456 exquirimus,
725 384 851 436 delectus
875 383 970 438 officii.

124 465 174 518 XI.
204 463 259 518 Sed
284 463 417 516 utilitatis
442 463 535 533 specie
560 464 592 516 in
618 481 647 516 re
671 463 786 534 publica
810 464 971 533 saepissime

125 549 264 613 peccatur,
280 549 313 597 ut
330 545 361 598 iu
378 544 508 597 Corinthi
526 545 731 597 disturbatione
750 545 852 598 nostri:
872 545 972 598 durius

125 625 211 678 etiam
232 625 426 692 Athenienses,
448 625 498 693 qui
524 626 664 678 sciverunt
690 631 722 678 ut
745 625 899 694 Aeginetis,
921 627 972 694 qui

126 707 213 758 classe
231 707 373 774 valebant,
389 706 508 775 pollices
526 705 760 774 praeciderentur.
798 707 861 758 Hoc
878 705 972 764 visum

126 786 263 839 cstutile:
283 786 368 839 nimis
381 787 458 839 enim
473 786 638 838 imminebat
650 790 765 855 propter
777 785 971 855 propinquita-

126 873 182 918 tem
197 867 309 936 Aegina
327 866 452 920 Piraeeo,
491 867 546 918 Sed
566 866 640 918 nihil
658 867 737 932 quod
755 865 867 918 crudele
884 866 970 919 utile:

126 952 168 1000 θεῖ
180 947 255 999 enim
265 947 411 998 hominum
420 950 547 1013 naturae,
557 963 642 1013 quam
655 945 735 1014 sequi
744 946 885 1015 debemus,
893 963 971 999 max·

125 1029 180 1080 ime
198 1027 313 1079 inimica
332 1027 489 1080 crudelitas.
528 1029 572 1080 47.
591 1028 666 1080 Male
681 1026 766 1079 etiam
782 1026 832 1094 qui
844 1027 971 1096 peregri-

126 1125 177 1160 nos
189 1107 307 1160 urbibus
320 1107 363 1159 uti
375 1107 527 1176 prohibent
540 1124 643 1176 eosque
656 1107 850 1176 exterminant,
858 1112 891 1160 ut
900 1109 970 1160 Pen-
1047 1135 1051 1142 ·

126 1205 178 1241 nus
197 1188 274 1257 apud
288 1193 382 1258 patres
400 1193 519 1254 nostros,
532 1189 638 1257 Papius
655 1204 751 1256 nuper.
789 1187 863 1240 Nam
876 1190 971 1240 ιιΕεειε

126 1284 185 1321 eno
204 1283 274 1321 crvn
293 1283 346 1332 our
364 1283 441 1321 o1vrs
459 1284 520 1322 non
539 1269 608 1321 srr”
622 1273 737 1320 rectum.
748 1273 791 1321 est
804 1285 862 1320 non
878 1268 970 1335 licere,

127 1365 212 1416 quam
224 1351 316 1419 legem
328 1351 452 1402 tulerunt
465 1349 665 1419 sapientissimi
678 1351 804 1402 consules
816 1353 930 1402 Crassus
943 1356 971 1402 et

127 1432 275 1484 Scaevola:
289 1447 352 1483 usu
372 1447 438 1485 vero
458 1431 535 1484 urbis
552 1430 701 1500 prohibere
720 1430 883 1499 peregrinos
905 1447 971 1483 sane

126 1510 311 1564 inhumanum
324 1515 374 1566 est.
411 1513 465 1564 Illa
488 1507 639 1580 praeclara,
658 1509 689 1562 in
713 1509 816 1578 quibus
840 1511 970 1579 publicae

126 1590 259 1643 utilitatis
277 1591 384 1660 speeies
401 1592 631 1660 praehonestate
649 1590 844 1644 contemnitur.
881 1591 971 1644 Plena
996 1659 1000 1664 Ι

127 1673 319 1742 exemplorum
341 1677 383 1724 θεῖ
402 1677 497 1725 nostra
517 1688 561 1724 res
582 1670 697 1740 publica
721 1686 785 1722 curn
807 1686 889 1740 saepe
909 1675 971 1723 tum

127 1753 247 1804 maxime
263 1751 337 1804 bello
352 1753 460 1805 Punico
471 1753 608 1820 seeund0,
619 1767 690 1820 quae
706 1751 845 1804 Cannensi
860 1751 988 1805 calami.

126 1837 185 1883 tate
206 1837 323 1900 accepta
344 1833 461 1885 maiores
483 1833 591 1886 animos
612 1833 712 1885 habuit
732 1849 816 1900 quam
837 1848 971 1900 umquam

127 1911 210 1963 rebus
222 1907 360 1964 secundis.
398 1913 485 1965 Nulla
497 1912 606 1965 timoris
619 1913 797 1982 significatio,
806 1913 883 1965 nulla
896 1929 971 1964 men-

127 1991 168 2043 tio
183 1990 269 2060 pacis.
306 1991 398 2044 Tanta
411 1991 454 2044 vis
468 1997 510 2044 est
525 1992 644 2060 honesti,
657 1997 689 2044 ut
703 1993 824 2062 speciem
838 1992 972 2045 utilitatis

128 2073 265 2125 obscuret.
287 2072 344 2126 148.
364 2072 549 2126 Athenienses
576 2089 640 2125 cum
664 2075 810 2126 Persarum
833 2073 972 2142 impetum

127 2153 205 2204 nullo
226 2154 313 2206 modo
331 2158 446 2224 possent
464 2153 598 2206 sustinere
618 2158 835 2221 statueremque,
851 2159 883 2205 ut
901 2154 972 2206 urbe

127 2233 226 2286 relicta
240 2233 409 2303 coniugibus
428 2238 457 2286 et
471 2234 567 2286 liberis
582 2235 721 2286 Troezene
736 2233 872 2303 depositis
886 2249 972 2286 naves

128 2315 346 2367 conscenderent
359 2315 573 2382 libertatemque
589 2315 721 2367 Graeciae
738 2317 825 2368 classe
840 2313 972 2367 defende-

128 2400 197 2464 rent,
209 2395 347 2464 Cyrsilum
360 2397 509 2464 quemdam
525 2396 698 2462 suadentem,
708 2400 740 2448 ut
752 2395 782 2447 in
795 2397 863 2448 urbe
872 2411 972 2452 ,mane-

128 2481 190 2526 rent
202 2477 379 2544 Xerxemque
391 2476 555 2546 reciperent,
566 2475 709 2544 lapidibus
724 2477 883 2528 obruerunt.
920 2476 972 2527 At-

128 2571 182 2621 que
197 2555 246 2607 ille
264 2556 416 2608 utilitatem
435 2555 514 2623 sequi
529 2556 689 2623 videbatur,
703 2557 752 2608 sed
767 2573 800 2608 ea
818 2557 896 2608 nulla
912 2562 972 2608 erat

128 2639 302 2702 repugnante
324 2637 477 2690 honest-ate.
514 2636 557 2689 49.
577 2635 779 2688 Themistocles
800 2641 866 2704 post
883 2634 972 2688 victo-

128 2713 197 2766 riam
210 2713 268 2766 eius
281 2715 357 2784 belli,
368 2717 445 2784 quod
458 2733 521 2770 eum
534 2716 625 2770 Persis
635 2717 697 2784 fuit,
708 2717 784 2770 dixit
796 2717 827 2768 in
839 2716 972 2770 contione

128 2810 158 2846 so
172 2793 274 2846 hahere
290 2796 438 2848 consilium
453 2795 638 2865 reipublicae
654 2799 781 2864 salutare,
796 2797 846 2849 sed
860 2797 892 2849 id
905 2797 973 2850 seiri

128 2891 185 2926 non
204 2889 274 2942 opus
293 2889 366 2926 esse:
385 2877 539 2944 postularit
558 2883 589 2930 ut
608 2877 731 2946 aliquem
749 2870 972 2947 populus'daret

129 2954 243 3020 quicum
270 2954 494 3008 communicaret.
531 2958 622 3009 Datus
646 2963 688 3010 est
709 2958 856 3011 Aristides.
894 2958 972 3012 Huic

129 3033 184 3099 ille,
200 3035 315 3086 classem
335 3033 626 3105 Lacedaemoniorum,
645 3054 716 3104 quae
738 3039 878 3091 subducta
899 3043 972 3094 esset
1119 3077 1120 3088 .

130 3114 167 3163 ad
180 3115 330 3181 Gytheum,
339 3115 412 3165 clam
426 3113 541 3166 incendi
556 3133 644 3183 posse,
656 3134 712 3185 quo
724 3119 800 3171 fricto
813 3119 906 3188 frangi
919 3122 971 3173 La·
