2272 3442
322 147 392 198 mn.
409 149 441 208 1.‚
462 147 540 197 1111.
557 147 591 197 x.
611 147 810 209 xr.,§31-35.
957 151 988 198 aa
1050 145 1054 154 ’

146 247 243 286 verum
259 235 301 283 cst
314 231 347 296 Q.
357 231 478 284 Fabium
493 231 651 284 Labeonem
665 247 714 284 seu
727 247 810 299 quem
826 230 989 284 alium-ni-

147 313 189 363 hil
208 311 283 363 enim
302 312 391 363 habeo
410 316 520 380 praeter
540 311 850 364 auditum—arbitrum
870 311 989 364 Nolanis

147 397 176 444 et
193 390 387 460 Neapolitanis
409 391 444 442 de
465 390 567 442 finibus
589 407 605 442 a
626 395 723 443 senatu
745 393 850 458 datum,
866 407 930 443 cunr
952 392 989 443 ad

147 473 241 523 locum
259 470 388 537 venisset,
407 486 471 522 cum
490 463 616 536 utrisque
635 471 934 538 separatimlocuturn,
954 489 989 524 nc

147 550 251 619 cupide
266 549 341 617 quid
359 553 481 618 agerent,
494 565 529 602 ne
548 553 711 618 appetenter
729 555 811 617 atque
830 556 862 602 ut
878 551 989 620 regredi

148 647 235 698 quam
254 630 387 698 progredi
408 631 533 682 mallent.
570 630 606 682 Id
627 645 691 681 cum
714 630 826 697 utrique
850 631 988 699 iecissent,

148 711 326 778 aliquantum
336 709 397 778 agri
407 709 437 760 in
446 709 540 761 medio
549 709 678 761 relictum
689 714 739 762 est.
769 711 867 777 Itaque
876 711 989 763 illorum

147 791 217 842 fines
232 789 279 850 sic,
293 793 325 841 ut
339 789 394 858 ipsi
410 789 546 856 dixerant,
559 788 735 843 terminavit:
754 789 785 842 in
803 789 897 843 medio
911 789 1003 842 relic-'

148 876 209 923 tum
220 870 298 938 quod
310 875 369 922 erat
381 871 487 938 populo
497 865 622 922 Ro'mano
633 869 815 924 adiudicavit.
852 871 988 939 Decipere

148 951 203 1002 hoc
220 949 334 1017 quidem
353 957 403 1016 est,
415 965 474 1001 non
491 949 624 1002 iudicare.
662 949 799 1016 Quocirca
817 950 854 1002 in'
866 950 942 1002 omni
960 967 989 1002 re

147 1030 283 1098 fugienda
295 1036 338 1082 est
349 1030 414 1082 talis
426 1029 556 1083 sollertia.
628 1043 632 1050 ·

145 1131 147 1134 ·
184 1112 234 1164 XI.
260 1111 331 1164 Sunt
344 1115 437 1163 autem
447 1111 585 1178 quaedam
598 1109 689 1163 officia
701 1111 785 1164 etiam
798 1112 989 1164 adversuseos

148 1191 292 1257 servanda,
306 1207 322 1242 a
337 1189 439 1257 quibus
457 1189 588 1242 iniuriam
606 1191 753 1260 acceperis.
790 1192 842 1244 Est
856 1191 930 1244 enim
947 1192 1003 1242 ul-'

149 1269 273 1322 ciscendi
288 1276 316 1322 et
330 1269 468 1338 puniendi
482 1271 591 1337 modun,
606 1275 690 1337 atque
705 1271 783 1324 haud
798 1271 856 1322 scio
871 1288 907 1324 en
922 1269 989 1323 satis

149 1350 186 1402 sit
204 1366 276 1416 enm,
290 1350 339 1417 qui
357 1348 517 1420 lacessierit,
532 1349 652 1402 iniuriae
671 1366 736 1402 suae
750 1351 901 1418 poenitere,
914 1356 946 1402 ut
961 1355 989 1402 et
1071 1417 1073 1425 Ι

149 1431 209 1498 ipse
227 1447 262 1482 ne
282 1429 350 1499 quid
369 1431 426 1482 tale
444 1428 563 1497 posthac
582 1432 611 1500 et
628 1428 713 1480 ceteri
731 1428 787 1481 sint
804 1431 841 1482 ad
859 1430 989 1482 iniuriam

149 1509 291 1580 tardiores.
327 1509 367 1562 34.
379 1509 472 1576 Atque
486 1507 514 1559 in
528 1506 683 1576 republica
692 1507 813 1561 maxime
825 1511 989 1562 conservan-

151 1590 189 1640 da
208 1594 272 1660 sunt
293 1588 353 1640 iura
371 1589 446 1642 belli.
484 1589 557 1641 Nam
579 1605 643 1640 cum
665 1588 721 1642 sint
742 1589 799 1641 duo
821 1601 922 1659 genera
943 1590 990 1641 de-

150 1669 285 1736 certandi,
298 1684 385 1720 unum
403 1685 453 1737 per
471 1668 711 1738 disceptationem,
725 1671 843 1722 alterum
858 1669 989 1739 pervim,

151 1765 270 1815 cunique
292 1749 365 1800 illud
386 1748 531 1817 proprium
555 1748 593 1800 sit
613 1749 742 1817 hominis,
761 1751 816 1802 hoc
837 1750 989 1818 beluarum,

150 1829 372 1898 confugiendum
387 1833 428 1880 est
443 1829 481 1881 ad
495 1828 640 1897 posterius,
654 1829 678 1882 si
696 1831 810 1883 utinen
825 1831 891 1884 licet
910 1848 990 1902 supc—
1014 1891 1017 1898 ⁴

150 1909 229 1963 riore.
267 1912 309 1962 35.
326 1909 388 1974 Qua
406 1925 434 1960 rc
453 1908 630 1978 suscipienda
649 1910 763 1977 quidem
781 1912 855 1964 bella
873 1916 938 1964 sunt
953 1912 990 1964 ob

150 2007 212 2042 eanr
227 2006 345 2056 causam,
358 1993 390 2040 ut
404 1988 463 2042 sine
478 1989 580 2043 iniuria
594 1989 624 2041 in
637 2006 705 2059 pace
718 1991 836 2059 vivatur,
849 1997 930 2061 parta
943 2007 990 2044 au-

150 2075 208 2121 tem
220 2069 338 2123 victoria
350 2069 535 2122 conservandi
549 2069 578 2136 ii,
593 2069 641 2136 qui
653 2087 709 2122 non
725 2071 851 2123 crudeles
863 2071 892 2122 in
906 2072 989 2136 bello,

150 2165 208 2200 non
226 2149 360 2202 immanes
379 2148 499 2216 fuerunt,
515 2154 548 2201 ut
567 2149 684 2207 maiores
702 2150 792 2201 nostri
810 2151 989 2217 Tusculanos,

150 2230 273 2296 Aequos,
281 2230 405 2296 Volscos,
419 2229 544 2296 Sabinos,
557 2229 694 2282 Hernicos
708 2229 738 2280 in
751 2229 893 2283 civit-atem
906 2230 990 2286 etiam

150 2313 326 2377 acceperunt,
345 2314 374 2360 at
395 2309 599 2378 Karthaginem
620 2314 647 2362 et
665 2308 842 2362 Numantiam
863 2308 990 2360 funditus

150 2390 336 2442 sustulerunt:
355 2391 458 2442 nollem
473 2389 648 2454 Corinthum,
661 2388 711 2441 sed
730 2387 812 2440 credo
827 2387 935 2455 aliquid
951 2404 990 2440 se-

151 2474 239 2534 cutos,
250 2469 489 2538 opportunitatem
501 2469 557 2540 loci
569 2468 697 2534 maxime,
711 2485 746 2520 ne
759 2473 853 2537 posset
865 2467 990 2536 aliquan·

150 2550 190 2601 do
209 2548 246 2602 ad
264 2549 368 2601 bellum
386 2547 547 2602 faciendum
565 2550 643 2601 locus
662 2547 722 2617 ipsc
741 2549 891 2601 adhortari.
927 2550 991 2601 Mea

150 2629 267 2696 quidem
285 2629 422 2681 sententia
436 2629 508 2698 paci,
522 2644 592 2697 quae
607 2627 680 2680 nihil
694 2627 825 2681 habitura
843 2629 881 2681 sit
894 2629 990 2682 insidi-

150 2725 238 2776 arum,
252 2725 360 2778 semper
374 2713 416 2761 est
431 2709 639 2761 consulendum.
676 2709 710 2760 In
724 2724 779 2776 quo
795 2708 819 2760 si
834 2709 905 2760 mihi
920 2714 991 2762 esset

151 2788 383 2857 obtemperatum,
397 2787 421 2839 si
438 2804 495 2839 non
510 2787 654 2856 optimam,
668 2792 697 2839 at
711 2788 834 2856 aliquam
849 2805 907 2841 renr
921 2790 991 2858 pub-

151 2867 242 2936 licam,
259 2885 330 2937 quae
349 2883 425 2920 nunc
443 2869 521 2920 nulla
540 2872 587 2934 est,
603 2867 774 2922 haberemus.
810 2869 847 2920 Et
866 2885 930 2921 cunr
947 2869 990 2936 iis,

152 2963 222 3016 quos
236 2948 266 3000 vi
284 2947 427 3014 deviceris,
441 2947 643 2999 consulendum
661 2951 710 3016 est,
723 2953 783 3000 tum
798 2948 827 3015 ii,
841 2949 890 3015 qui
909 2949 991 3000 armis

150 3027 251 3097 positis
263 3029 300 3081 ad
310 3027 509 3096 imperatorum
518 3026 602 3079 fidem
612 3026 782 3096 confugient,
794 3027 921 3094 quamvis
933 3044 991 3079 mu-

150 3124 214 3160 rum
229 3107 299 3160 aries
313 3106 487 3176 percusserit,
500 3106 661 3176 recipiendi.
699 3107 732 3158 In
746 3122 801 3174 quo
814 3111 894 3157 tanto
909 3121 991 3174 operc

389 3307 404 3334 ·
465 3328 476 3344 ι
