<?xml version="1.0" encoding="UTF-8"?>
<!DOCTYPE html PUBLIC "-//W3C//DTD XHTML 1.0 Transitional//EN"
    "http://www.w3.org/TR/xhtml1/DTD/xhtml1-transitional.dtd">
<html xmlns="http://www.w3.org/1999/xhtml" xml:lang="en" lang="en">
 <head>
  <title>
</title>
<meta http-equiv="Content-Type" content="text/html;charset=utf-8" />
  <meta name='ocr-system' content='tesseract 3.04.00' />
  <meta name='ocr-capabilities' content='ocr_page ocr_carea ocr_par ocr_line ocrx_word'/>
</head>
<body>
  <div class='ocr_page' id='page_1' title='image "./mtulliiciceroni01longgoog_0167.png"; bbox 0 0 2256 3448; ppageno 0'>
   <div class='ocr_carea' id='block_1_1' title="bbox 153 105 684 159">
    <p class='ocr_par' dir='ltr' id='par_1_1' title="bbox 153 105 684 159">
     <span class='ocr_line' id='line_1_1' title="bbox 153 105 684 159; baseline 0 -3"><span class='ocrx_word' id='word_1_1' title='bbox 153 110 201 157; x_wconf 80' lang='lat'><strong>158</strong></span> <span class='ocrx_word' id='word_1_2' title='bbox 467 106 516 154; x_wconf 82' lang='lat' dir='ltr'><strong>DE</strong></span> <span class='ocrx_word' id='word_1_3' title='bbox 532 105 684 159; x_wconf 83' lang='lat' dir='ltr'>OFFICIIS</span> 
     </span>
    </p>
   </div>
   <div class='ocr_carea' id='block_1_2' title="bbox 92 187 998 2754">
    <p class='ocr_par' dir='ltr' id='par_1_2' title="bbox 92 187 998 2754">
     <span class='ocr_line' id='line_1_2' title="bbox 152 187 997 260; baseline -0.002 -16"><span class='ocrx_word' id='word_1_4' title='bbox 152 191 268 244; x_wconf 88' lang='lat' dir='ltr'><strong>humani</strong></span> <span class='ocrx_word' id='word_1_5' title='bbox 285 189 396 260; x_wconf 83' lang='lat' dir='ltr'><strong>generis</strong></span> <span class='ocrx_word' id='word_1_6' title='bbox 414 189 654 257; x_wconf 73' lang='lat' dir='ltr'><strong>societatemque</strong></span> <span class='ocrx_word' id='word_1_7' title='bbox 672 189 783 241; x_wconf 89' lang='lat' dir='ltr'><strong>sublata</strong></span> <span class='ocrx_word' id='word_1_8' title='bbox 801 187 997 256; x_wconf 87' lang='lat' dir='ltr'><strong>beneficentia,</strong></span> 
     </span>
     <span class='ocr_line' id='line_1_3' title="bbox 151 269 997 339; baseline -0.005 -15"><span class='ocrx_word' id='word_1_9' title='bbox 151 272 312 339; x_wconf 88' lang='lat' dir='ltr'><strong>liberalitas,</strong></span> <span class='ocrx_word' id='word_1_10' title='bbox 321 270 440 338; x_wconf 75' lang='lat' dir='ltr'>bonitas,</span> <span class='ocrx_word' id='word_1_11' title='bbox 450 270 559 324; x_wconf 74' lang='lat' dir='ltr'><strong>iustitia</strong></span> <span class='ocrx_word' id='word_1_12' title='bbox 571 269 699 322; x_wconf 84' lang='lat' dir='ltr'><strong>funditus</strong></span> <span class='ocrx_word' id='word_1_13' title='bbox 710 269 828 322; x_wconf 90' lang='lat' dir='ltr'><strong>tollitur.</strong></span> <span class='ocrx_word' id='word_1_14' title='bbox 859 269 937 334; x_wconf 73' lang='lat' dir='ltr'><strong>Quae</strong></span> <span class='ocrx_word' id='word_1_15' title='bbox 945 269 997 335; x_wconf 92' lang='lat' dir='ltr'><strong>qui</strong></span> 
     </span>
     <span class='ocr_line' id='line_1_4' title="bbox 151 347 998 417; baseline -0.005 -13"><span class='ocrx_word' id='word_1_16' title='bbox 151 353 255 404; x_wconf 85' lang='lat' dir='ltr'><strong>tollunt</strong></span> <span class='ocrx_word' id='word_1_17' title='bbox 266 351 350 404; x_wconf 88' lang='lat' dir='ltr'><strong>etiam</strong></span> <span class='ocrx_word' id='word_1_18' title='bbox 360 351 493 412; x_wconf 83' lang='lat' dir='ltr'><strong>adversus</strong></span> <span class='ocrx_word' id='word_1_19' title='bbox 502 351 570 404; x_wconf 92' lang='lat' dir='ltr'><strong>deos</strong></span> <span class='ocrx_word' id='word_1_20' title='bbox 580 349 750 402; x_wconf 84' lang='lat' dir='ltr'><strong>immortales</strong></span> <span class='ocrx_word' id='word_1_21' title='bbox 759 348 840 417; x_wconf 90' lang='lat' dir='ltr'><strong>impii</strong></span> <span class='ocrx_word' id='word_1_22' title='bbox 849 347 998 401; x_wconf 86' lang='lat' dir='ltr'><strong>iudicandi</strong></span> 
     </span>
     <span class='ocr_line' id='line_1_5' title="bbox 151 429 998 485; baseline -0.004 -1"><span class='ocrx_word' id='word_1_23' title='bbox 151 436 224 485; x_wconf 92' lang='lat' dir='ltr'><strong>sunt.</strong></span> <span class='ocrx_word' id='word_1_24' title='bbox 253 431 300 484; x_wconf 91' lang='lat' dir='ltr'><strong>Ab</strong></span> <span class='ocrx_word' id='word_1_25' title='bbox 313 431 348 484; x_wconf 93' lang='lat' dir='ltr'><strong>iis</strong></span> <span class='ocrx_word' id='word_1_26' title='bbox 363 430 439 484; x_wconf 89' lang='lat' dir='ltr'><strong>enim</strong></span> <span class='ocrx_word' id='word_1_27' title='bbox 453 429 636 484; x_wconf 82' lang='lat' dir='ltr'><strong>constitutam</strong></span> <span class='ocrx_word' id='word_1_28' title='bbox 650 429 724 482; x_wconf 90' lang='lat' dir='ltr'><strong>inter</strong></span> <span class='ocrx_word' id='word_1_29' title='bbox 737 429 866 482; x_wconf 88' lang='lat' dir='ltr'><strong>homiues</strong></span> <span class='ocrx_word' id='word_1_30' title='bbox 878 429 998 482; x_wconf 87' lang='lat' dir='ltr'><strong>societa-</strong></span> 
     </span>
     <span class='ocr_line' id='line_1_6' title="bbox 150 505 998 579; baseline -0.005 -15"><span class='ocrx_word' id='word_1_31' title='bbox 150 516 208 566; x_wconf 88' lang='lat' dir='ltr'><strong>tem</strong></span> <span class='ocrx_word' id='word_1_32' title='bbox 220 515 357 579; x_wconf 84' lang='lat' dir='ltr'><strong>erertunt,</strong></span> <span class='ocrx_word' id='word_1_33' title='bbox 368 511 447 565; x_wconf 87' lang='lat' dir='ltr'><strong>cuius</strong></span> <span class='ocrx_word' id='word_1_34' title='bbox 460 505 602 564; x_wconf 87' lang='lat' dir='ltr'><strong>societatis</strong></span> <span class='ocrx_word' id='word_1_35' title='bbox 614 509 783 562; x_wconf 90' lang='lat' dir='ltr'><strong>artissimum</strong></span> <span class='ocrx_word' id='word_1_36' title='bbox 794 509 940 562; x_wconf 89' lang='lat' dir='ltr'><strong>vinculum</strong></span> <span class='ocrx_word' id='word_1_37' title='bbox 952 515 998 562; x_wconf 88' lang='lat' dir='ltr'><strong>est</strong></span> 
     </span>
     <span class='ocr_line' id='line_1_7' title="bbox 150 588 998 662; baseline -0.002 -18"><span class='ocrx_word' id='word_1_38' title='bbox 150 592 242 662; x_wconf 84' lang='lat' dir='ltr'><strong>magis</strong></span> <span class='ocrx_word' id='word_1_39' title='bbox 257 591 386 646; x_wconf 87' lang='lat' dir='ltr'><strong>arbitrari</strong></span> <span class='ocrx_word' id='word_1_40' title='bbox 401 608 459 645; x_wconf 88' lang='lat' dir='ltr'><strong>esse</strong></span> <span class='ocrx_word' id='word_1_41' title='bbox 474 595 572 650; x_wconf 83' lang='lat' dir='ltr'><strong>contra</strong></span> <span class='ocrx_word' id='word_1_42' title='bbox 586 595 721 648; x_wconf 86' lang='lat' dir='ltr'><strong>naturam¹</strong></span> <span class='ocrx_word' id='word_1_43' title='bbox 730 589 874 642; x_wconf 87' lang='lat' dir='ltr'><strong>homiuem</strong></span> <span class='ocrx_word' id='word_1_44' title='bbox 885 588 998 642; x_wconf 89' lang='lat' dir='ltr'><strong>homiui</strong></span> 
     </span>
     <span class='ocr_line' id='line_1_8' title="bbox 151 657 998 739; baseline -0.005 -13"><span class='ocrx_word' id='word_1_45' title='bbox 151 674 298 726; x_wconf 81' lang='lat' dir='ltr'><strong>detrahere</strong></span> <span class='ocrx_word' id='word_1_46' title='bbox 310 672 354 726; x_wconf 92' lang='lat' dir='ltr'><strong>sui</strong></span> <span class='ocrx_word' id='word_1_47' title='bbox 366 657 605 725; x_wconf 81' lang='lat' dir='ltr'><strong>commodi&#39;eeusa</strong></span> <span class='ocrx_word' id='word_1_48' title='bbox 615 687 700 739; x_wconf 86' lang='lat' dir='ltr'><strong>quam</strong></span> <span class='ocrx_word' id='word_1_49' title='bbox 712 670 806 723; x_wconf 91' lang='lat' dir='ltr'><strong>omnia</strong></span> <span class='ocrx_word' id='word_1_50' title='bbox 815 669 998 724; x_wconf 86' lang='lat' dir='ltr'><strong>incommoda</strong></span> 
     </span>
     <span class='ocr_line' id='line_1_9' title="bbox 150 749 997 821; baseline -0.005 -13"><span class='ocrx_word' id='word_1_51' title='bbox 150 754 243 808; x_wconf 85' lang='lat' dir='ltr'><strong>subire</strong></span> <span class='ocrx_word' id='word_1_52' title='bbox 258 754 304 808; x_wconf 87' lang='lat' dir='ltr'><strong>vel</strong></span> <span class='ocrx_word' id='word_1_53' title='bbox 319 757 433 806; x_wconf 83' lang='lat' dir='ltr'><strong>externa</strong></span> <span class='ocrx_word' id='word_1_54' title='bbox 444 753 490 808; x_wconf 84' lang='lat' dir='ltr'><strong>vel</strong></span> <span class='ocrx_word' id='word_1_55' title='bbox 505 751 628 821; x_wconf 87' lang='lat' dir='ltr'><strong>corporis</strong></span> <span class='ocrx_word' id='word_1_56' title='bbox 642 753 688 806; x_wconf 84' lang='lat' dir='ltr'><strong>vel</strong></span> <span class='ocrx_word' id='word_1_57' title='bbox 703 751 789 804; x_wconf 84' lang='lat' dir='ltr'><strong>etiam</strong></span> <span class='ocrx_word' id='word_1_58' title='bbox 802 749 892 820; x_wconf 90' lang='lat' dir='ltr'><strong>ipsius</strong></span> <span class='ocrx_word' id='word_1_59' title='bbox 906 750 997 804; x_wconf 90' lang='lat' dir='ltr'><strong>animi</strong></span> 
     </span>
     <span class='ocr_line' id='line_1_10' title="bbox 150 830 996 900; baseline -0.002 -14"><span class='ocrx_word' id='word_1_60' title='bbox 150 850 223 900; x_wconf 89' lang='lat' dir='ltr'><strong>quae</strong></span> <span class='ocrx_word' id='word_1_61' title='bbox 234 835 249 894; x_wconf 92' lang='lat'><em>†</em></span> <span class='ocrx_word' id='word_1_62' title='bbox 260 839 361 888; x_wconf 85' lang='lat' dir='ltr'><strong>vacent</strong></span> <span class='ocrx_word' id='word_1_63' title='bbox 373 832 489 886; x_wconf 81' lang='lat' dir='ltr'><strong>iustitia</strong></span> <span class='ocrx_word' id='word_1_64' title='bbox 526 834 604 886; x_wconf 89' lang='lat' dir='ltr'><strong>Haec</strong></span> <span class='ocrx_word' id='word_1_65' title='bbox 616 831 691 885; x_wconf 90' lang='lat' dir='ltr'><strong>enim</strong></span> <span class='ocrx_word' id='word_1_66' title='bbox 703 848 759 884; x_wconf 91' lang='lat' dir='ltr'><strong>una</strong></span> <span class='ocrx_word' id='word_1_67' title='bbox 768 831 857 884; x_wconf 90' lang='lat' dir='ltr'><strong>virtus</strong></span> <span class='ocrx_word' id='word_1_68' title='bbox 869 830 996 884; x_wconf 88' lang='lat' dir='ltr'><strong>omnium</strong></span> 
     </span>
     <span class='ocr_line' id='line_1_11' title="bbox 150 912 996 982; baseline -0.001 -16"><span class='ocrx_word' id='word_1_69' title='bbox 150 919 193 966; x_wconf 91' lang='lat' dir='ltr'><strong>est</strong></span> <span class='ocrx_word' id='word_1_70' title='bbox 216 914 332 968; x_wconf 91' lang='lat' dir='ltr'><strong>domina</strong></span> <span class='ocrx_word' id='word_1_71' title='bbox 356 918 384 966; x_wconf 90' lang='lat' dir='ltr'><strong>et</strong></span> <span class='ocrx_word' id='word_1_72' title='bbox 408 913 504 982; x_wconf 83' lang='lat' dir='ltr'><strong>regina</strong></span> <span class='ocrx_word' id='word_1_73' title='bbox 526 913 671 968; x_wconf 83' lang='lat' dir='ltr'><strong>virtutum.</strong></span> <span class='ocrx_word' id='word_1_74' title='bbox 709 915 751 968; x_wconf 73' lang='lat'><strong>20.</strong></span> <span class='ocrx_word' id='word_1_75' title='bbox 770 912 901 966; x_wconf 82' lang='lat' dir='ltr'><strong>Forsitan</strong></span> <span class='ocrx_word' id='word_1_76' title='bbox 920 912 996 979; x_wconf 88' lang='lat' dir='ltr'><strong>quis-</strong></span> 
     </span>
     <span class='ocr_line' id='line_1_12' title="bbox 149 985 996 1063; baseline 0 -17"><span class='ocrx_word' id='word_1_77' title='bbox 149 993 227 1062; x_wconf 89' lang='lat' dir='ltr'><strong>piam</strong></span> <span class='ocrx_word' id='word_1_78' title='bbox 239 993 357 1046; x_wconf 86' lang='lat' dir='ltr'><strong>dixerit:</strong></span> <span class='ocrx_word' id='word_1_79' title='bbox 382 994 484 1046; x_wconf 85' lang='lat' dir='ltr'><strong>Nonne</strong></span> <span class='ocrx_word' id='word_1_80' title='bbox 495 985 586 1063; x_wconf 82' lang='lat' dir='ltr'><strong>¹igitur</strong></span> <span class='ocrx_word' id='word_1_81' title='bbox 600 993 717 1063; x_wconf 78' lang='lat' dir='ltr'><strong>sapione,</strong></span> <span class='ocrx_word' id='word_1_82' title='bbox 731 993 755 1046; x_wconf 91' lang='lat' dir='ltr'><strong>si</strong></span> <span class='ocrx_word' id='word_1_83' title='bbox 766 993 839 1046; x_wconf 80' lang='lat' dir='ltr'><strong>fame</strong></span> <span class='ocrx_word' id='word_1_84' title='bbox 853 993 913 1062; x_wconf 90' lang='lat' dir='ltr'><strong>ipse</strong></span> <span class='ocrx_word' id='word_1_85' title='bbox 928 1008 996 1046; x_wconf 92' lang='lat' dir='ltr'><strong>con-</strong></span> 
     </span>
     <span class='ocr_line' id='line_1_13' title="bbox 149 1073 996 1142; baseline 0 -16"><span class='ocrx_word' id='word_1_86' title='bbox 149 1073 265 1141; x_wconf 88' lang='lat' dir='ltr'><strong>ficiatur,</strong></span> <span class='ocrx_word' id='word_1_87' title='bbox 276 1073 423 1126; x_wconf 79' lang='lat' dir='ltr'><strong>abstulerit</strong></span> <span class='ocrx_word' id='word_1_88' title='bbox 435 1073 531 1128; x_wconf 89' lang='lat' dir='ltr'><strong>cibum</strong></span> <span class='ocrx_word' id='word_1_89' title='bbox 543 1074 632 1142; x_wconf 90' lang='lat' dir='ltr'><strong>alteri,</strong></span> <span class='ocrx_word' id='word_1_90' title='bbox 643 1073 753 1128; x_wconf 91' lang='lat' dir='ltr'><strong>homini</strong></span> <span class='ocrx_word' id='word_1_91' title='bbox 765 1075 803 1126; x_wconf 91' lang='lat' dir='ltr'><strong>ad</strong></span> <span class='ocrx_word' id='word_1_92' title='bbox 815 1074 922 1126; x_wconf 90' lang='lat' dir='ltr'><strong>nullam</strong></span> <span class='ocrx_word' id='word_1_93' title='bbox 934 1089 996 1126; x_wconf 92' lang='lat' dir='ltr'><strong>rem</strong></span> 
     </span>
     <span class='ocr_line' id='line_1_14' title="bbox 149 1153 995 1208; baseline 0.001 -2"><span class='ocrx_word' id='word_1_94' title='bbox 149 1153 233 1207; x_wconf 82' lang='lat' dir='ltr'><strong>utilil</strong></span> <span class='ocrx_word' id='word_1_95' title='bbox 269 1153 386 1208; x_wconf 88' lang='lat' dir='ltr'><strong>Minime</strong></span> <span class='ocrx_word' id='word_1_96' title='bbox 406 1171 479 1208; x_wconf 89' lang='lat' dir='ltr'><strong>vero.</strong></span> <span class='ocrx_word' id='word_1_97' title='bbox 517 1155 584 1208; x_wconf 87' lang='lat' dir='ltr'><strong>Non</strong></span> <span class='ocrx_word' id='word_1_98' title='bbox 606 1154 682 1208; x_wconf 88' lang='lat' dir='ltr'><strong>enim</strong></span> <span class='ocrx_word' id='word_1_99' title='bbox 700 1154 772 1208; x_wconf 90' lang='lat' dir='ltr'><strong>mihi</strong></span> <span class='ocrx_word' id='word_1_100' title='bbox 790 1160 833 1207; x_wconf 89' lang='lat' dir='ltr'><strong>est</strong></span> <span class='ocrx_word' id='word_1_101' title='bbox 850 1153 911 1208; x_wconf 86' lang='lat' dir='ltr'><strong>vita</strong></span> <span class='ocrx_word' id='word_1_102' title='bbox 930 1169 995 1207; x_wconf 89' lang='lat' dir='ltr'><strong>mea</strong></span> 
     </span>
     <span class='ocr_line' id='line_1_15' title="bbox 149 1232 994 1302; baseline 0.001 -17"><span class='ocrx_word' id='word_1_103' title='bbox 149 1233 247 1286; x_wconf 90' lang='lat' dir='ltr'><strong>utilior</strong></span> <span class='ocrx_word' id='word_1_104' title='bbox 259 1249 345 1301; x_wconf 92' lang='lat' dir='ltr'><strong>quam</strong></span> <span class='ocrx_word' id='word_1_105' title='bbox 360 1233 446 1288; x_wconf 90' lang='lat' dir='ltr'><strong>animi</strong></span> <span class='ocrx_word' id='word_1_106' title='bbox 461 1234 527 1288; x_wconf 90' lang='lat' dir='ltr'><strong>talis</strong></span> <span class='ocrx_word' id='word_1_107' title='bbox 542 1233 673 1302; x_wconf 80' lang='lat' dir='ltr'><strong>adfectio,</strong></span> <span class='ocrx_word' id='word_1_108' title='bbox 686 1234 826 1288; x_wconf 89' lang='lat' dir='ltr'><strong>neminem</strong></span> <span class='ocrx_word' id='word_1_109' title='bbox 840 1237 874 1286; x_wconf 94' lang='lat' dir='ltr'><strong>ut</strong></span> <span class='ocrx_word' id='word_1_110' title='bbox 887 1232 994 1286; x_wconf 77' lang='lat' dir='ltr'><strong>violem</strong></span> 
     </span>
     <span class='ocr_line' id='line_1_16' title="bbox 149 1314 995 1384; baseline 0 -16"><span class='ocrx_word' id='word_1_111' title='bbox 149 1315 292 1368; x_wconf 90' lang='lat' dir='ltr'><strong>commodi</strong></span> <span class='ocrx_word' id='word_1_112' title='bbox 313 1315 368 1368; x_wconf 91' lang='lat' dir='ltr'><strong>mei</strong></span> <span class='ocrx_word' id='word_1_113' title='bbox 390 1314 488 1384; x_wconf 80' lang='lat' dir='ltr'><strong>gratia.</strong></span> <span class='ocrx_word' id='word_1_114' title='bbox 522 1315 618 1381; x_wconf 73' lang='lat' dir='ltr'><strong>Quidl</strong></span> <span class='ocrx_word' id='word_1_115' title='bbox 640 1315 664 1368; x_wconf 94' lang='lat' dir='ltr'><strong>si</strong></span> <span class='ocrx_word' id='word_1_116' title='bbox 682 1315 833 1380; x_wconf 84' lang='lat' dir='ltr'><strong>Phalarim,</strong></span> <span class='ocrx_word' id='word_1_117' title='bbox 851 1315 995 1368; x_wconf 88' lang='lat' dir='ltr'><strong>crudelem</strong></span> 
     </span>
     <span class='ocr_line' id='line_1_17' title="bbox 149 1395 995 1466; baseline -0.002 -16"><span class='ocrx_word' id='word_1_118' title='bbox 149 1402 298 1465; x_wconf 77' lang='lat' dir='ltr'><strong>tyrannum</strong></span> <span class='ocrx_word' id='word_1_119' title='bbox 313 1402 341 1450; x_wconf 91' lang='lat' dir='ltr'><strong>et</strong></span> <span class='ocrx_word' id='word_1_120' title='bbox 354 1397 512 1464; x_wconf 88' lang='lat' dir='ltr'><strong>immanem,</strong></span> <span class='ocrx_word' id='word_1_121' title='bbox 522 1397 567 1450; x_wconf 84' lang='lat' dir='ltr'><strong>vir</strong></span> <span class='ocrx_word' id='word_1_122' title='bbox 582 1397 680 1464; x_wconf 87' lang='lat' dir='ltr'><strong>bonus,</strong></span> <span class='ocrx_word' id='word_1_123' title='bbox 690 1413 726 1449; x_wconf 91' lang='lat' dir='ltr'><strong>ne</strong></span> <span class='ocrx_word' id='word_1_124' title='bbox 740 1396 801 1466; x_wconf 89' lang='lat' dir='ltr'><strong>ipse</strong></span> <span class='ocrx_word' id='word_1_125' title='bbox 812 1395 915 1465; x_wconf 85' lang='lat' dir='ltr'><strong>frigore</strong></span> <span class='ocrx_word' id='word_1_126' title='bbox 928 1411 995 1448; x_wconf 88' lang='lat' dir='ltr'><strong>eon-</strong></span> 
     </span>
     <span class='ocr_line' id='line_1_18' title="bbox 149 1476 993 1546; baseline 0 -16"><span class='ocrx_word' id='word_1_127' title='bbox 149 1478 266 1544; x_wconf 87' lang='lat' dir='ltr'><strong>fioiatur,</strong></span> <span class='ocrx_word' id='word_1_128' title='bbox 286 1477 391 1531; x_wconf 89' lang='lat' dir='ltr'><strong>vestitu</strong></span> <span class='ocrx_word' id='word_1_129' title='bbox 419 1477 539 1546; x_wconf 82' lang='lat' dir='ltr'><strong>spoliare</strong></span> <span class='ocrx_word' id='word_1_130' title='bbox 568 1477 667 1546; x_wconf 87' lang='lat' dir='ltr'><strong>possit,</strong></span> <span class='ocrx_word' id='word_1_131' title='bbox 689 1493 783 1530; x_wconf 89' lang='lat' dir='ltr'><strong>nonne</strong></span> <span class='ocrx_word' id='word_1_132' title='bbox 807 1476 912 1530; x_wconf 85' lang='lat' dir='ltr'><strong>faciatl</strong></span> <span class='ocrx_word' id='word_1_133' title='bbox 949 1479 993 1530; x_wconf 80' lang='lat'><strong>30.</strong></span> 
     </span>
     <span class='ocr_line' id='line_1_19' title="bbox 149 1555 995 1625; baseline 0 -15"><span class='ocrx_word' id='word_1_134' title='bbox 149 1558 227 1610; x_wconf 88' lang='lat' dir='ltr'><strong>Haeo</strong></span> <span class='ocrx_word' id='word_1_135' title='bbox 241 1557 474 1610; x_wconf 87' lang='lat' dir='ltr'><strong>adiudicandum</strong></span> <span class='ocrx_word' id='word_1_136' title='bbox 487 1561 552 1612; x_wconf 89' lang='lat' dir='ltr'><strong>sunt</strong></span> <span class='ocrx_word' id='word_1_137' title='bbox 566 1556 708 1612; x_wconf 83' lang='lat' dir='ltr'><strong>facillima.</strong></span> <span class='ocrx_word' id='word_1_138' title='bbox 744 1557 827 1625; x_wconf 90' lang='lat' dir='ltr'><strong>Nam,</strong></span> <span class='ocrx_word' id='word_1_139' title='bbox 837 1556 862 1608; x_wconf 92' lang='lat' dir='ltr'><strong>si</strong></span> <span class='ocrx_word' id='word_1_140' title='bbox 873 1555 943 1624; x_wconf 87' lang='lat' dir='ltr'><strong>quid</strong></span> <span class='ocrx_word' id='word_1_141' title='bbox 956 1557 995 1610; x_wconf 89' lang='lat' dir='ltr'><strong>ab</strong></span> 
     </span>
     <span class='ocr_line' id='line_1_20' title="bbox 148 1636 994 1706; baseline -0.002 -13"><span class='ocrx_word' id='word_1_142' title='bbox 148 1638 262 1696; x_wconf 84' lang='lat' dir='ltr'><strong>homine</strong></span> <span class='ocrx_word' id='word_1_143' title='bbox 275 1637 311 1692; x_wconf 89' lang='lat' dir='ltr'><strong>ad</strong></span> <span class='ocrx_word' id='word_1_144' title='bbox 320 1638 426 1692; x_wconf 89' lang='lat' dir='ltr'><strong>nullam</strong></span> <span class='ocrx_word' id='word_1_145' title='bbox 435 1641 544 1706; x_wconf 85' lang='lat' dir='ltr'><strong>partem</strong></span> <span class='ocrx_word' id='word_1_146' title='bbox 553 1637 619 1690; x_wconf 89' lang='lat' dir='ltr'><strong>utili</strong></span> <span class='ocrx_word' id='word_1_147' title='bbox 630 1636 762 1693; x_wconf 80' lang='lat' dir='ltr'><strong>utilitatis</strong></span> <span class='ocrx_word' id='word_1_148' title='bbox 774 1642 839 1690; x_wconf 84' lang='lat' dir='ltr'><strong>tuae</strong></span> <span class='ocrx_word' id='word_1_149' title='bbox 852 1653 935 1690; x_wconf 88' lang='lat' dir='ltr'><strong>causa</strong></span> <span class='ocrx_word' id='word_1_150' title='bbox 944 1637 994 1692; x_wconf 87' lang='lat' dir='ltr'><strong>de·</strong></span> 
     </span>
     <span class='ocr_line' id='line_1_21' title="bbox 148 1716 993 1787; baseline 0.002 -17"><span class='ocrx_word' id='word_1_151' title='bbox 148 1717 272 1784; x_wconf 85' lang='lat' dir='ltr'><strong>traxeris,</strong></span> <span class='ocrx_word' id='word_1_152' title='bbox 287 1718 441 1772; x_wconf 86' lang='lat' dir='ltr'><strong>inhumane</strong></span> <span class='ocrx_word' id='word_1_153' title='bbox 464 1716 562 1770; x_wconf 86' lang='lat' dir='ltr'><strong>feceris</strong></span> <span class='ocrx_word' id='word_1_154' title='bbox 580 1723 732 1786; x_wconf 85' lang='lat' dir='ltr'><strong>contraque</strong></span> <span class='ocrx_word' id='word_1_155' title='bbox 749 1723 866 1772; x_wconf 87' lang='lat' dir='ltr'><strong>naturae</strong></span> <span class='ocrx_word' id='word_1_156' title='bbox 883 1719 993 1787; x_wconf 84' lang='lat' dir='ltr'><strong>legem:</strong></span> 
     </span>
     <span class='ocr_line' id='line_1_22' title="bbox 149 1797 994 1868; baseline 0.002 -18"><span class='ocrx_word' id='word_1_157' title='bbox 149 1797 192 1850; x_wconf 89' lang='lat' dir='ltr'><strong>sin</strong></span> <span class='ocrx_word' id='word_1_158' title='bbox 205 1802 298 1852; x_wconf 90' lang='lat' dir='ltr'><strong>autem</strong></span> <span class='ocrx_word' id='word_1_159' title='bbox 309 1797 334 1852; x_wconf 89' lang='lat' dir='ltr'><strong>is</strong></span> <span class='ocrx_word' id='word_1_160' title='bbox 345 1803 377 1850; x_wconf 90' lang='lat' dir='ltr'><strong>tu</strong></span> <span class='ocrx_word' id='word_1_161' title='bbox 393 1797 438 1864; x_wconf 85' lang='lat' dir='ltr'><strong>sis,</strong></span> <span class='ocrx_word' id='word_1_162' title='bbox 449 1797 500 1864; x_wconf 91' lang='lat' dir='ltr'><strong>qui</strong></span> <span class='ocrx_word' id='word_1_163' title='bbox 512 1800 628 1852; x_wconf 85' lang='lat' dir='ltr'><strong>multam</strong></span> <span class='ocrx_word' id='word_1_164' title='bbox 641 1798 794 1852; x_wconf 87' lang='lat' dir='ltr'><strong>utilitatem</strong></span> <span class='ocrx_word' id='word_1_165' title='bbox 808 1798 849 1854; x_wconf 87' lang='lat' dir='ltr'><strong>rei</strong></span> <span class='ocrx_word' id='word_1_166' title='bbox 860 1799 994 1868; x_wconf 87' lang='lat' dir='ltr'><strong>publicae</strong></span> 
     </span>
     <span class='ocr_line' id='line_1_23' title="bbox 148 1876 994 1948; baseline 0.007 -20"><span class='ocrx_word' id='word_1_167' title='bbox 148 1881 233 1943; x_wconf 87' lang='lat' dir='ltr'><strong>atque</strong></span> <span class='ocrx_word' id='word_1_168' title='bbox 247 1876 392 1928; x_wconf 91' lang='lat' dir='ltr'><strong>hominum</strong></span> <span class='ocrx_word' id='word_1_169' title='bbox 411 1877 546 1946; x_wconf 85' lang='lat' dir='ltr'><strong>societati,</strong></span> <span class='ocrx_word' id='word_1_170' title='bbox 559 1878 583 1932; x_wconf 92' lang='lat' dir='ltr'><strong>si</strong></span> <span class='ocrx_word' id='word_1_171' title='bbox 597 1877 628 1930; x_wconf 92' lang='lat' dir='ltr'><strong>in</strong></span> <span class='ocrx_word' id='word_1_172' title='bbox 641 1878 702 1934; x_wconf 87' lang='lat' dir='ltr'><strong>vita</strong></span> <span class='ocrx_word' id='word_1_173' title='bbox 719 1894 869 1948; x_wconf 84' lang='lat' dir='ltr'><strong>remaneas,</strong></span> <span class='ocrx_word' id='word_1_174' title='bbox 883 1879 994 1934; x_wconf 86' lang='lat' dir='ltr'><strong>adferre</strong></span> 
     </span>
     <span class='ocr_line' id='line_1_24' title="bbox 147 1955 994 2027; baseline 0.004 -18"><span class='ocrx_word' id='word_1_175' title='bbox 147 1956 252 2025; x_wconf 89' lang='lat' dir='ltr'><strong>possis:</strong></span> <span class='ocrx_word' id='word_1_176' title='bbox 271 1955 382 2024; x_wconf 91' lang='lat' dir='ltr'><strong>siquid</strong></span> <span class='ocrx_word' id='word_1_177' title='bbox 400 1957 437 2008; x_wconf 91' lang='lat' dir='ltr'><strong>ob</strong></span> <span class='ocrx_word' id='word_1_178' title='bbox 455 1973 516 2010; x_wconf 88' lang='lat' dir='ltr'><strong>eam</strong></span> <span class='ocrx_word' id='word_1_179' title='bbox 534 1973 647 2012; x_wconf 88' lang='lat' dir='ltr'><strong>eausam</strong></span> <span class='ocrx_word' id='word_1_180' title='bbox 665 1958 745 2012; x_wconf 83' lang='lat' dir='ltr'><strong>alteri</strong></span> <span class='ocrx_word' id='word_1_181' title='bbox 760 1959 921 2027; x_wconf 83' lang='lat' dir='ltr'><strong>detraxeris,</strong></span> <span class='ocrx_word' id='word_1_182' title='bbox 934 1976 994 2012; x_wconf 90' lang='lat' dir='ltr'><strong>non</strong></span> 
     </span>
     <span class='ocr_line' id='line_1_25' title="bbox 92 2036 992 2106; baseline 0.003 -16"><span class='ocrx_word' id='word_1_183' title='bbox 92 2069 99 2081; x_wconf 88' lang='lat'><em>-</em></span> <span class='ocrx_word' id='word_1_184' title='bbox 148 2037 185 2091; x_wconf 89' lang='lat' dir='ltr'><strong>sit</strong></span> <span class='ocrx_word' id='word_1_185' title='bbox 197 2036 465 2106; x_wconf 88' lang='lat' dir='ltr'><strong>reprehendendum.</strong></span> <span class='ocrx_word' id='word_1_186' title='bbox 489 2049 492 2056; x_wconf 80' lang='grc'><em>’</em></span> <span class='ocrx_word' id='word_1_187' title='bbox 504 2037 553 2092; x_wconf 86' lang='lat' dir='ltr'><strong>Sin</strong></span> <span class='ocrx_word' id='word_1_188' title='bbox 566 2043 659 2092; x_wconf 89' lang='lat' dir='ltr'><strong>autem</strong></span> <span class='ocrx_word' id='word_1_189' title='bbox 671 2038 703 2092; x_wconf 89' lang='lat' dir='ltr'><strong>id</strong></span> <span class='ocrx_word' id='word_1_190' title='bbox 715 2055 773 2092; x_wconf 90' lang='lat' dir='ltr'><strong>non</strong></span> <span class='ocrx_word' id='word_1_191' title='bbox 786 2039 823 2092; x_wconf 92' lang='lat' dir='ltr'><strong>sit</strong></span> <span class='ocrx_word' id='word_1_192' title='bbox 835 2039 992 2106; x_wconf 89' lang='lat' dir='ltr'><strong>eiusmodi,</strong></span> 
     </span>
     <span class='ocr_line' id='line_1_26' title="bbox 146 2119 992 2190; baseline 0.002 -18"><span class='ocrx_word' id='word_1_193' title='bbox 146 2135 229 2174; x_wconf 90' lang='lat' dir='ltr'><strong>suum</strong></span> <span class='ocrx_word' id='word_1_194' title='bbox 241 2119 342 2188; x_wconf 89' lang='lat' dir='ltr'><strong>cuique</strong></span> <span class='ocrx_word' id='word_1_195' title='bbox 357 2119 567 2174; x_wconf 86' lang='lat' dir='ltr'><strong>incommodum</strong></span> <span class='ocrx_word' id='word_1_196' title='bbox 581 2119 727 2178; x_wconf 78' lang='lat' dir='ltr'><strong>ferendum</strong></span> <span class='ocrx_word' id='word_1_197' title='bbox 742 2125 784 2174; x_wconf 92' lang='lat' dir='ltr'><strong>est</strong></span> <span class='ocrx_word' id='word_1_198' title='bbox 798 2120 992 2190; x_wconf 89' lang='lat' dir='ltr'><strong>potiusquam</strong></span> 
     </span>
     <span class='ocr_line' id='line_1_27' title="bbox 148 2199 992 2271; baseline 0 -17"><span class='ocrx_word' id='word_1_199' title='bbox 148 2201 184 2254; x_wconf 87' lang='lat' dir='ltr'><strong>de</strong></span> <span class='ocrx_word' id='word_1_200' title='bbox 193 2200 307 2254; x_wconf 88' lang='lat' dir='ltr'><strong>alterius</strong></span> <span class='ocrx_word' id='word_1_201' title='bbox 317 2199 472 2254; x_wconf 88' lang='lat' dir='ltr'><strong>commodis</strong></span> <span class='ocrx_word' id='word_1_202' title='bbox 482 2199 696 2256; x_wconf 85' lang='lat' dir='ltr'><strong>detrahendum.</strong></span> <span class='ocrx_word' id='word_1_203' title='bbox 727 2203 794 2256; x_wconf 84' lang='lat' dir='ltr'><strong>Non</strong></span> <span class='ocrx_word' id='word_1_204' title='bbox 802 2201 891 2271; x_wconf 85' lang='lat' dir='ltr'><strong>igitur</strong></span> <span class='ocrx_word' id='word_1_205' title='bbox 899 2201 992 2270; x_wconf 86' lang='lat' dir='ltr'><strong>magis</strong></span> 
     </span>
     <span class='ocr_line' id='line_1_28' title="bbox 147 2280 992 2350; baseline 0.001 -16"><span class='ocrx_word' id='word_1_206' title='bbox 147 2287 190 2334; x_wconf 91' lang='lat' dir='ltr'><strong>est</strong></span> <span class='ocrx_word' id='word_1_207' title='bbox 204 2286 302 2336; x_wconf 87' lang='lat' dir='ltr'><strong>contra</strong></span> <span class='ocrx_word' id='word_1_208' title='bbox 315 2285 444 2334; x_wconf 86' lang='lat' dir='ltr'><strong>naturam</strong></span> <span class='ocrx_word' id='word_1_209' title='bbox 459 2280 573 2334; x_wconf 89' lang='lat' dir='ltr'><strong>morbus</strong></span> <span class='ocrx_word' id='word_1_210' title='bbox 592 2285 641 2336; x_wconf 86' lang='lat' dir='ltr'><strong>aut</strong></span> <span class='ocrx_word' id='word_1_211' title='bbox 659 2286 767 2350; x_wconf 84' lang='lat' dir='ltr'><strong>egestas</strong></span> <span class='ocrx_word' id='word_1_212' title='bbox 781 2287 830 2334; x_wconf 89' lang='lat' dir='ltr'><strong>aut</strong></span> <span class='ocrx_word' id='word_1_213' title='bbox 845 2281 916 2350; x_wconf 90' lang='lat' dir='ltr'><strong>quid</strong></span> <span class='ocrx_word' id='word_1_214' title='bbox 931 2283 992 2336; x_wconf 87' lang='lat' dir='ltr'><strong>eius</strong></span> 
     </span>
     <span class='ocr_line' id='line_1_29' title="bbox 147 2360 992 2431; baseline 0 -15"><span class='ocrx_word' id='word_1_215' title='bbox 147 2363 226 2416; x_wconf 86' lang='lat' dir='ltr'><strong>modi</strong></span> <span class='ocrx_word' id='word_1_216' title='bbox 240 2378 324 2430; x_wconf 89' lang='lat' dir='ltr'><strong>quam</strong></span> <span class='ocrx_word' id='word_1_217' title='bbox 340 2360 477 2414; x_wconf 86' lang='lat' dir='ltr'><strong>detractio</strong></span> <span class='ocrx_word' id='word_1_218' title='bbox 492 2365 577 2430; x_wconf 83' lang='lat' dir='ltr'><strong>etque</strong></span> <span class='ocrx_word' id='word_1_219' title='bbox 592 2362 730 2431; x_wconf 87' lang='lat' dir='ltr'><strong>appetitio</strong></span> <span class='ocrx_word' id='word_1_220' title='bbox 746 2361 838 2430; x_wconf 89' lang='lat' dir='ltr'><strong>alieni,</strong></span> <span class='ocrx_word' id='word_1_221' title='bbox 850 2363 902 2416; x_wconf 90' lang='lat' dir='ltr'><strong>sed</strong></span> <span class='ocrx_word' id='word_1_222' title='bbox 916 2378 992 2416; x_wconf 91' lang='lat' dir='ltr'><strong>oom-</strong></span> 
     </span>
     <span class='ocr_line' id='line_1_30' title="bbox 146 2441 991 2498; baseline 0.004 -5"><span class='ocrx_word' id='word_1_223' title='bbox 146 2443 238 2497; x_wconf 88' lang='lat' dir='ltr'><strong>munis</strong></span> <span class='ocrx_word' id='word_1_224' title='bbox 248 2441 378 2496; x_wconf 89' lang='lat' dir='ltr'><strong>utilitatis</strong></span> <span class='ocrx_word' id='word_1_225' title='bbox 388 2441 534 2496; x_wconf 83' lang='lat' dir='ltr'><strong>derelictio</strong></span> <span class='ocrx_word' id='word_1_226' title='bbox 543 2447 641 2496; x_wconf 88' lang='lat' dir='ltr'><strong>contra</strong></span> <span class='ocrx_word' id='word_1_227' title='bbox 653 2447 782 2498; x_wconf 89' lang='lat' dir='ltr'><strong>naturam</strong></span> <span class='ocrx_word' id='word_1_228' title='bbox 791 2448 847 2496; x_wconf 86' lang='lat' dir='ltr'><strong>est:</strong></span> <span class='ocrx_word' id='word_1_229' title='bbox 864 2447 906 2496; x_wconf 88' lang='lat' dir='ltr'><strong>est</strong></span> <span class='ocrx_word' id='word_1_230' title='bbox 915 2443 991 2496; x_wconf 89' lang='lat' dir='ltr'><strong>enim</strong></span> 
     </span>
     <span class='ocr_line' id='line_1_31' title="bbox 146 2521 991 2592; baseline 0.005 -18"><span class='ocrx_word' id='word_1_231' title='bbox 146 2521 258 2576; x_wconf 86' lang='lat' dir='ltr'><strong>iniusta.</strong></span> <span class='ocrx_word' id='word_1_232' title='bbox 297 2525 338 2576; x_wconf 85' lang='lat'><strong>31.</strong></span> <span class='ocrx_word' id='word_1_233' title='bbox 358 2524 457 2590; x_wconf 88' lang='lat' dir='ltr'><strong>Itaque</strong></span> <span class='ocrx_word' id='word_1_234' title='bbox 473 2525 519 2576; x_wconf 86' lang='lat' dir='ltr'><strong>lex</strong></span> <span class='ocrx_word' id='word_1_235' title='bbox 534 2523 736 2592; x_wconf 85' lang='lat' dir='ltr'><strong>ipsanaturae,</strong></span> <span class='ocrx_word' id='word_1_236' title='bbox 751 2540 822 2592; x_wconf 88' lang='lat' dir='ltr'><strong>quae</strong></span> <span class='ocrx_word' id='word_1_237' title='bbox 837 2524 991 2578; x_wconf 86' lang='lat' dir='ltr'><strong>utilitatem</strong></span> 
     </span>
     <span class='ocr_line' id='line_1_32' title="bbox 145 2601 991 2676; baseline 0.006 -22"><span class='ocrx_word' id='word_1_238' title='bbox 145 2601 291 2654; x_wconf 89' lang='lat' dir='ltr'><strong>hominum</strong></span> <span class='ocrx_word' id='word_1_239' title='bbox 307 2608 452 2656; x_wconf 86' lang='lat' dir='ltr'><strong>conservat</strong></span> <span class='ocrx_word' id='word_1_240' title='bbox 466 2608 496 2656; x_wconf 90' lang='lat' dir='ltr'><strong>et</strong></span> <span class='ocrx_word' id='word_1_241' title='bbox 514 2603 648 2672; x_wconf 87' lang='lat' dir='ltr'><strong>continet,</strong></span> <span class='ocrx_word' id='word_1_242' title='bbox 662 2605 793 2658; x_wconf 88' lang='lat' dir='ltr'><strong>decernet</strong></span> <span class='ocrx_word' id='word_1_243' title='bbox 807 2604 944 2676; x_wconf 85' lang='lat' dir='ltr'><strong>profecto,</strong></span> <span class='ocrx_word' id='word_1_244' title='bbox 957 2612 991 2659; x_wconf 88' lang='lat' dir='ltr'><strong>ut</strong></span> 
     </span>
     <span class='ocr_line' id='line_1_33' title="bbox 146 2681 989 2754; baseline 0.006 -20"><span class='ocrx_word' id='word_1_245' title='bbox 146 2681 182 2734; x_wconf 88' lang='lat' dir='ltr'><strong>ab</strong></span> <span class='ocrx_word' id='word_1_246' title='bbox 197 2681 310 2736; x_wconf 85' lang='lat' dir='ltr'><strong>homine</strong></span> <span class='ocrx_word' id='word_1_247' title='bbox 327 2682 410 2736; x_wconf 89' lang='lat' dir='ltr'><strong>inerti</strong></span> <span class='ocrx_word' id='word_1_248' title='bbox 429 2687 514 2750; x_wconf 82' lang='lat' dir='ltr'><strong>atque</strong></span> <span class='ocrx_word' id='word_1_249' title='bbox 529 2683 624 2737; x_wconf 90' lang='lat' dir='ltr'><strong>inutili</strong></span> <span class='ocrx_word' id='word_1_250' title='bbox 642 2684 681 2738; x_wconf 87' lang='lat' dir='ltr'><strong>ad</strong></span> <span class='ocrx_word' id='word_1_251' title='bbox 699 2684 861 2754; x_wconf 88' lang='lat' dir='ltr'><strong>sapientem,</strong></span> <span class='ocrx_word' id='word_1_252' title='bbox 874 2685 989 2754; x_wconf 90' lang='lat' dir='ltr'><strong>bonum,</strong></span> 
     </span>
    </p>
   </div>
   <div class='ocr_carea' id='block_1_3' title="bbox 55 2760 989 2820">
    <p class='ocr_par' dir='ltr' id='par_1_3' title="bbox 55 2760 989 2820">
     <span class='ocr_line' id='line_1_34' title="bbox 55 2760 989 2820; baseline 0.007 -7"><span class='ocrx_word' id='word_1_253' title='bbox 55 2760 58 2766; x_wconf 84' lang='lat'>&#39;</span> <span class='ocrx_word' id='word_1_254' title='bbox 145 2761 245 2814; x_wconf 87' lang='lat' dir='ltr'><strong>fortem</strong></span> <span class='ocrx_word' id='word_1_255' title='bbox 259 2760 351 2816; x_wconf 90' lang='lat' dir='ltr'><strong>virum</strong></span> <span class='ocrx_word' id='word_1_256' title='bbox 365 2763 567 2818; x_wconf 85' lang='lat' dir='ltr'><strong>transferantur</strong></span> <span class='ocrx_word' id='word_1_257' title='bbox 584 2780 628 2820; x_wconf 91' lang='lat' dir='ltr'><strong>res</strong></span> <span class='ocrx_word' id='word_1_258' title='bbox 646 2764 683 2817; x_wconf 89' lang='lat' dir='ltr'><strong>ad</strong></span> <span class='ocrx_word' id='word_1_259' title='bbox 698 2763 851 2820; x_wconf 84' lang='lat' dir='ltr'><strong>vivendum</strong></span> <span class='ocrx_word' id='word_1_260' title='bbox 865 2781 989 2820; x_wconf 88' lang='lat' dir='ltr'><strong>necessa-</strong></span> 
     </span>
    </p>
   </div>
   <div class='ocr_carea' id='block_1_4' title="bbox 144 2839 989 3150">
    <p class='ocr_par' dir='ltr' id='par_1_4' title="bbox 144 2839 989 3150">
     <span class='ocr_line' id='line_1_35' title="bbox 144 2839 989 2909; baseline 0.007 -15"><span class='ocrx_word' id='word_1_261' title='bbox 144 2841 209 2908; x_wconf 89' lang='lat' dir='ltr'><strong>riae,</strong></span> <span class='ocrx_word' id='word_1_262' title='bbox 226 2839 276 2907; x_wconf 90' lang='lat' dir='ltr'><strong>qui</strong></span> <span class='ocrx_word' id='word_1_263' title='bbox 296 2839 321 2892; x_wconf 91' lang='lat' dir='ltr'><strong>si</strong></span> <span class='ocrx_word' id='word_1_264' title='bbox 341 2841 485 2909; x_wconf 87' lang='lat' dir='ltr'><strong>occiderit,</strong></span> <span class='ocrx_word' id='word_1_265' title='bbox 502 2845 624 2900; x_wconf 89' lang='lat' dir='ltr'><strong>multum</strong></span> <span class='ocrx_word' id='word_1_266' title='bbox 645 2844 680 2898; x_wconf 87' lang='lat' dir='ltr'><strong>de</strong></span> <span class='ocrx_word' id='word_1_267' title='bbox 701 2844 844 2900; x_wconf 88' lang='lat' dir='ltr'><strong>communi</strong></span> <span class='ocrx_word' id='word_1_268' title='bbox 864 2845 989 2900; x_wconf 83' lang='lat' dir='ltr'><strong>utilitate</strong></span> 
     </span>
     <span class='ocr_line' id='line_1_36' title="bbox 145 2919 989 2994; baseline 0.005 -20"><span class='ocrx_word' id='word_1_269' title='bbox 145 2919 305 2987; x_wconf 80' lang='lat' dir='ltr'><strong>detraxerit,</strong></span> <span class='ocrx_word' id='word_1_270' title='bbox 319 2920 405 2972; x_wconf 91' lang='lat' dir='ltr'><strong>modo</strong></span> <span class='ocrx_word' id='word_1_271' title='bbox 420 2921 474 2973; x_wconf 90' lang='lat' dir='ltr'><strong>hoo</strong></span> <span class='ocrx_word' id='word_1_272' title='bbox 489 2922 530 2976; x_wconf 83' lang='lat' dir='ltr'><strong>itu</strong></span> <span class='ocrx_word' id='word_1_273' title='bbox 544 2923 637 2993; x_wconf 84' lang='lat' dir='ltr'><strong>faciat,</strong></span> <span class='ocrx_word' id='word_1_274' title='bbox 650 2929 682 2978; x_wconf 86' lang='lat' dir='ltr'><strong>ut</strong></span> <span class='ocrx_word' id='word_1_275' title='bbox 696 2941 732 2978; x_wconf 91' lang='lat' dir='ltr'><strong>ne</strong></span> <span class='ocrx_word' id='word_1_276' title='bbox 747 2924 807 2994; x_wconf 91' lang='lat' dir='ltr'><strong>ipse</strong></span> <span class='ocrx_word' id='word_1_277' title='bbox 822 2926 858 2978; x_wconf 90' lang='lat' dir='ltr'><strong>de</strong></span> <span class='ocrx_word' id='word_1_278' title='bbox 873 2941 902 2980; x_wconf 86' lang='lat' dir='ltr'><strong>se</strong></span> <span class='ocrx_word' id='word_1_279' title='bbox 918 2926 989 2980; x_wconf 89' lang='lat' dir='ltr'><strong>bene</strong></span> 
     </span>
     <span class='ocr_line' id='line_1_37' title="bbox 145 2999 989 3068; baseline 0.007 -16"><span class='ocrx_word' id='word_1_280' title='bbox 145 2999 307 3053; x_wconf 88' lang='lat' dir='ltr'><strong>existimans</strong></span> <span class='ocrx_word' id='word_1_281' title='bbox 326 3013 440 3064; x_wconf 90' lang='lat' dir='ltr'><strong>seseque</strong></span> <span class='ocrx_word' id='word_1_282' title='bbox 461 3001 584 3068; x_wconf 81' lang='lat' dir='ltr'><strong>diligens</strong></span> <span class='ocrx_word' id='word_1_283' title='bbox 602 3004 675 3056; x_wconf 90' lang='lat' dir='ltr'><strong>hanc</strong></span> <span class='ocrx_word' id='word_1_284' title='bbox 695 3019 807 3060; x_wconf 86' lang='lat' dir='ltr'><strong>causam</strong></span> <span class='ocrx_word' id='word_1_285' title='bbox 826 3005 930 3060; x_wconf 86' lang='lat' dir='ltr'><strong>habeat</strong></span> <span class='ocrx_word' id='word_1_286' title='bbox 949 3007 989 3060; x_wconf 89' lang='lat' dir='ltr'><strong>ad</strong></span> 
     </span>
     <span class='ocr_line' id='line_1_38' title="bbox 144 3077 987 3150; baseline 0.012 -20"><span class='ocrx_word' id='word_1_287' title='bbox 144 3077 284 3132; x_wconf 86' lang='lat' dir='ltr'><strong>iniuriam.</strong></span> <span class='ocrx_word' id='word_1_288' title='bbox 321 3077 366 3130; x_wconf 90' lang='lat' dir='ltr'><strong>Ita</strong></span> <span class='ocrx_word' id='word_1_289' title='bbox 378 3091 487 3144; x_wconf 91' lang='lat' dir='ltr'><strong>semper</strong></span> <span class='ocrx_word' id='word_1_290' title='bbox 500 3079 594 3134; x_wconf 88' lang='lat' dir='ltr'><strong>officio</strong></span> <span class='ocrx_word' id='word_1_291' title='bbox 608 3081 742 3150; x_wconf 86' lang='lat' dir='ltr'><strong>fungetur</strong></span> <span class='ocrx_word' id='word_1_292' title='bbox 756 3084 875 3140; x_wconf 87' lang='lat' dir='ltr'><strong>utilitati</strong></span> <span class='ocrx_word' id='word_1_293' title='bbox 887 3102 987 3141; x_wconf 86' lang='lat' dir='ltr'><strong>consu·</strong></span> 
     </span>
    </p>
   </div>
   <div class='ocr_carea' id='block_1_5' title="bbox 0 0 1132 3448">
    <p class='ocr_par' dir='ltr' id='par_1_5' title="bbox 0 0 1132 3448">
     <span class='ocr_line' id='line_1_39' title="bbox 0 0 1132 3448; baseline 0 2"><span class='ocrx_word' id='word_1_294' title='bbox 0 0 1132 3448; x_wconf 95' lang='lat' dir='ltr'><strong> </strong></span> 
     </span>
    </p>
   </div>
  </div>
 </body>
</html>
