2256 3448
142 131 174 178 96
455 128 504 176 DE
522 127 674 178 OFFICIIS

142 229 212 279 eam,
225 227 296 278 quae
312 212 348 263 ab
363 210 518 263 honestatis
534 210 692 264 actionibus
710 227 767 262 non
783 210 820 263 sit
834 209 934 280 aliena,
948 211 987 264 sic

142 291 246 360 inipso
259 291 322 343 ioco
335 290 451 358 aliquod
460 290 543 360 probi
553 290 661 358 ingenii
671 292 764 342 lumen
777 291 895 342 eluceat.
928 294 985 346 104.

142 373 256 440 Duplex
277 371 391 424 omnino
416 375 457 424 cst
478 370 592 423 iocandi
613 387 710 440 genus,
730 387 818 423 unum
839 371 984 440 illiberale,

142 453 279 522 petulans,
294 451 474 521 flagitiosum,
490 452 650 517 obscenum,
666 453 786 504 alterurn
808 453 930 522 elegans,
944 470 985 506 ur-

142 533 254 598 banum,
268 532 454 602 ingeniosum,
467 531 595 586 facetum.
634 533 696 598 Quo
711 548 813 601 genere
828 549 886 585 non
900 535 985 586 modo

142 615 260 667 Plautus
282 619 375 667 noster
397 619 425 666 et
443 613 603 666 Atticorum
627 613 743 682 antiqua
765 615 920 683 comoedia,
937 616 984 667 sed

142 695 228 747 etiam
243 694 477 764 philosophorum
497 693 702 746 Socraticorum
718 693 784 746 libri
799 693 894 746 referti
912 701 984 762 sunt,

142 777 288 843 multaque
307 777 459 828 multorum
478 774 567 826 facete
590 774 675 842 dicta,
691 779 724 827 ut
743 791 782 842 ea,
796 791 867 843 quae
886 793 903 828 a
921 793 985 828 sene

143 857 249 910 Catone
264 857 382 908 collecta
396 861 468 921 sunt,
482 871 553 922 quac
565 860 668 908 vocant
681 859 874 925 ἀποφθέγματα.
905 857 984 909 Fuci-

143 936 178 988 lis
188 937 276 1003 igitur
285 940 328 988 est
337 935 484 988 distinctio
494 935 611 1004 ingenui
621 942 649 989 et
658 936 804 989 illiberalis
813 936 877 990 ioci.
906 937 985 989 Alter

142 1021 191 1088 est,
202 1015 226 1066 si
240 1020 366 1083 tempore
380 1015 419 1081 fit,
433 1015 457 1068 si
472 1017 587 1068 remisso
600 1016 702 1084 animo,
718 1017 854 1085 [inpenso]
871 1017 983 1069 homine

143 1094 341 1162 dignoscitor
359 1111 394 1148 ne
413 1095 501 1149 libero
521 1097 644 1165 quidem,
660 1097 683 1149 si
701 1113 793 1149 rerum
811 1097 983 1166 turpitudini

142 1175 294 1228 adhibetur
314 1177 462 1230 verborum
483 1178 648 1231 obscenitas.
684 1177 817 1230 Ludendi
837 1177 922 1230 etiam
942 1185 983 1230 est

142 1255 260 1322 quidem
274 1257 376 1310 modus
391 1257 651 1325 1·etinendus‚utne
666 1257 751 1310 nimis
765 1257 860 1310 omnia
871 1257 984 1326 prosun-

143 1337 242 1390 damus
266 1337 389 1406 elatique
410 1340 555 1407 voluptate
580 1338 611 1392 in
635 1338 758 1406 aliquam
779 1337 984 1406 turpitudinem
1064 1327 1070 1346 ⁸

143 1417 313 1474 delabamur.
352 1419 543 1488 Suppeditant
558 1423 650 1470 autem
669 1417 697 1470 et
712 1415 827 1487 campus
844 1423 938 1471 noster
955 1423 984 1471 ct

142 1499 236 1552 studia
248 1499 371 1552 venandi
384 1501 501 1551 honesta
515 1499 644 1566 exempla
656 1497 784 1551 ludendi.

177 1579 267 1632 XXX.
300 1582 359 1633 105.
380 1579 436 1632 Sed
457 1577 579 1647 pertinet
601 1578 638 1630 ad
660 1594 771 1630 omnem
793 1577 879 1631 officii
901 1591 1011 1646 quac-⁸
1108 1579 1109 1588 ’

143 1658 262 1712 stionem
281 1675 390 1728 semper
407 1659 437 1710 in
456 1662 589 1728 promptu
607 1658 709 1710 habere
728 1664 864 1733 quantum
882 1663 983 1712 natura

142 1740 264 1792 hominis
277 1741 434 1809 pecudibus
447 1740 616 1808 reliquisque
626 1739 716 1792 beluis
728 1741 889 1794 antecedat
914 1742 983 1793 Illae

143 1819 216 1871 nihil
240 1820 364 1872 sentiunt
386 1820 440 1871 nisi
462 1821 636 1888 voluptatem
661 1821 698 1872 ad
720 1836 836 1886 eamque
856 1819 985 1873 feruntur

142 1899 220 1951 omni
234 1898 350 1967 impetu,
366 1899 488 1952 hominis
504 1907 597 1953 autem
611 1917 690 1952 mens
705 1900 840 1953 discendo
856 1903 941 1955 alitur
955 1903 985 1955 et

142 1979 304 2048 cogitando,
316 1996 424 2048 semper
436 1980 544 2048 aliquid
558 1986 607 2034 aut
620 1981 744 2049 anquirit
757 1986 805 2034 aut
818 1983 878 2051 agit
887 1983 984 2036 viden-

142 2060 230 2128 dique
245 2066 273 2114 et
286 2060 423 2114 audiendi
438 2061 625 2115 delectatione
641 2061 760 2116 ducitur.
798 2063 874 2129 Quin
889 2064 983 2132 etiam,

142 2142 166 2194 si
182 2142 245 2212 quis
260 2147 301 2196 est
316 2145 413 2213 paullo
432 2143 469 2195 ad
483 2143 645 2212 voluptates
662 2143 834 2212 propensior,
848 2145 933 2196 modo
948 2162 984 2197 ne

142 2225 178 2277 sit
193 2241 228 2278 ex
246 2225 387 2295 pecudum
405 2227 609 2292 genere-sunt
628 2223 701 2276 enim
721 2224 837 2292 quidam
855 2225 985 2277 homines

141 2322 199 2358 non
217 2323 255 2372 re,
270 2305 319 2359 sed
338 2303 536 2358 nomine-sed
555 2303 579 2356 si
598 2303 661 2372 quis
683 2308 724 2355 est
744 2305 840 2372 paullo
859 2305 983 2372 erectior,

142 2387 270 2454 quamvis
283 2388 428 2455 voluptate
442 2383 576 2453 capietur,
587 2385 712 2437 occultat
725 2389 753 2436 et
766 2384 925 2438 dissimulat
937 2402 984 2454 ap-

141 2467 262 2535 petitum
272 2466 428 2535 uoluptatis
437 2469 552 2534 propter
561 2464 767 2518 verecundiam.
800 2467 859 2518 106.
872 2466 917 2517 Ex
928 2482 985 2533 quo

141 2546 316 2614 intellegitur
328 2545 452 2614 corporis
464 2546 640 2613 voluptatem
652 2561 707 2598 non
719 2545 787 2597 satis
799 2561 857 2598 esse
867 2546 984 2615 dignam

142 2625 264 2677 hominis
283 2625 454 2694 praestantia
473 2641 589 2691 eamque
608 2625 749 2678 contemni
768 2629 796 2678 ct
810 2625 889 2679 reiici
905 2642 985 2698 opor·-

143 2711 215 2756 tere:
236 2704 279 2756 sin
298 2704 335 2757 sit
354 2705 493 2774 quispiam
513 2704 563 2772 qui
582 2705 691 2773 aliquid
709 2705 815 2758 tribuat
833 2707 984 2776 voluptati,

112 2785 116 2793 '
143 2783 294 2851 diligenter
316 2783 342 2836 ei
363 2785 516 2839 tenendum
541 2801 599 2836 esse
622 2785 681 2837 cius
702 2785 836 2838 fruendae
858 2788 983 2840 modum.

142 2866 242 2932 Itaque
254 2864 347 2918 uictus
362 2867 509 2933 cultusque
523 2865 648 2934 corporis
662 2867 699 2934 ad
711 2867 904 2920 valetudinem
917 2867 986 2919 refe-

143 2951 220 2998 ratur
235 2945 312 2998 etad
327 2945 406 3012 vires,
417 2963 474 2998 non
487 2947 525 2998 od
537 2947 721 3014 voluptatem.
749 2947 844 3014 Atque
858 2948 950 3014 etiarn,
960 2947 984 2999 si

143 3025 317 3078 considerare
329 3026 458 3077 volumus
472 3041 542 3090 quac
556 3025 593 3077 sit
606 3026 635 3077 in
648 3030 747 3078 notura
758 3027 881 3079 hominis
895 3029 985 3080 excel-

143 3106 229 3159 lentia
242 3111 270 3160 et
280 3103 415 3175 dignitas,
422 3103 617 3172 intellegemus
628 3119 711 3173 quam
721 3106 758 3160 sit
767 3114 848 3178 turpe
858 3107 985 3162 diffluere
