2256 3448
154 129 203 175 130
446 124 515 173 'DE
532 122 686 174 OFFICIIS

153 209 338 275 habebuntur,
351 207 436 260 nullis
450 207 599 277 praesidiis
616 206 706 276 saepti
721 205 817 259 multis
831 206 1004 261 adlicientur

153 289 270 343 iniuriis.
315 289 359 342 40.
378 288 472 356 Atque
494 288 539 340 his
563 287 656 355 etiam,
673 286 723 355 qui
742 287 871 340 vendunt
895 293 1002 356 emunt,

153 369 315 421 conducunt
330 369 424 420 locant
440 367 696 435 contrahendisque
712 367 834 436 negotiis
852 367 1003 438 implican-

152 455 206 516 tur,
224 448 334 501 iustitia
358 448 395 500 ad
416 464 474 500 rem
498 447 651 517 gerendam
672 447 826 500 necessaria
852 454 903 517 est,
923 449 1003 502 cuius

153 533 233 582 tanta
250 528 294 581 vis
312 532 363 596 est,
375 531 408 580 ut
423 544 458 580 ne
476 527 521 580 illi
538 527 661 596 quidem,
675 527 725 595 qui
739 527 878 581 maleficio
897 533 928 582 et
946 545 1003 581 soe-

153 611 209 662 lere
232 613 392 680 pascuntur,
411 607 522 678 possint
546 607 605 669 sine
629 609 689 660 ulla
712 607 851 677 particula
875 608 1002 662 iustitiae

153 690 254 745 vivore.
291 692 365 744 Nam
390 688 439 757 qui
463 704 559 741 eorum
583 688 715 757 cuipiam,
734 689 784 756 qui
808 704 865 741 una
889 689 1002 742 latroci-

153 777 263 839 nantur,
275 759 384 824 furatur
401 769 511 837 aliquid
529 772 578 821 aut
596 768 724 838 eripitis
742 769 796 822 sibi
813 785 850 822 ne
867 769 899 822 in
918 770 1002 822 latro·

154 851 228 903 oinio
250 851 364 919 quidem
383 849 517 918 relinquit
536 851 637 916 locum,
652 849 701 902 ille
722 853 824 917 autem,
839 849 890 918 qui
912 849 1002 902 archi-

114 983 116 986 .
153 931 245 1000 pirata
269 931 380 997 dieitur,
400 929 456 982 nisi
479 929 663 998 aequabiliter
684 930 820 999 praedam
841 929 1001 999 dispertiat,

154 1017 202 1062 aut
217 1009 399 1062 interficiatur
413 1025 429 1062 a
444 1009 527 1062 sociis
542 1014 591 1062 aut
605 1010 786 1078 relinquatur.
824 1009 900 1076 Quin
915 1009 1002 1062 etiam

154 1091 230 1158 leges
253 1090 393 1142 latronum
406 1105 476 1149 ¹esse
504 1089 638 1143 dicuntur
659 1089 764 1157 quibus
785 1093 911 1159 pareant,
931 1105 1002 1157 quas
1025 1100 1027 1104 '

155 1170 309 1225 observent.
346 1171 446 1237 Itaque
468 1175 583 1240 propter
604 1171 779 1238 aequabilem
797 1171 920 1240 praedae
939 1187 1002 1239 par-

154 1250 285 1304 titionem
303 1255 332 1304 et
348 1251 479 1319 Bardylis
496 1251 625 1319 Illyricas
641 1251 721 1319 latro,
736 1251 771 1303 de
790 1266 847 1318 quo
866 1253 909 1303 est
924 1252 1002 1320 apud

154 1333 378 1403 Theopompum,
391 1347 507 1400 magnas
525 1347 593 1400 opes
611 1330 711 1384 habuit
730 1335 758 1383 et
772 1332 863 1383 multo
881 1331 1002 1384 maiores

155 1413 301 1466 Viriathus
319 1412 478 1479 Lusitanus,
492 1411 539 1463 eui
557 1411 673 1479 quidem
692 1411 777 1463 etiam
796 1410 934 1464 exercitus
952 1427 1002 1463 no-

155 1493 207 1545 stri
221 1493 458 1562 imperatoresque
475 1496 623 1560 cesserunt,
636 1507 720 1559 quem
735 1492 765 1544 C.
776 1490 895 1559 Laelius,
908 1491 933 1543 is
952 1491 1002 1560 qui

157 1573 274 1642 Sapiens
292 1577 448 1642 usurpatur,
463 1576 576 1641 praetor
592 1571 679 1640 fregit
697 1575 726 1623 et
745 1571 913 1636 comminuit
930 1569 1003 1624 fero·'

156 1652 325 1722 citatemque
341 1653 400 1706 eius
415 1652 455 1705 ita
470 1651 608 1720 repressit,
621 1657 653 1704 ut
667 1650 750 1703 facile
764 1651 871 1704 bellum
885 1651 1002 1719 reliquis

156 1732 285 1786 traderet.
313 1735 384 1786 Cum
393 1732 482 1802 igitur
493 1737 573 1784 tanta
582 1731 625 1784 vis
637 1730 760 1783 iustitiae
772 1731 816 1798 sit,
825 1734 857 1783 ut
870 1733 904 1784 ea
915 1732 1003 1784 etiam

156 1811 297 1862 latronum
309 1827 377 1880 opes
388 1812 479 1864 firmet
494 1817 580 1878 atque
595 1815 705 1880 augeat,
719 1816 854 1878 quantam
869 1811 930 1863 eius
942 1811 1001 1864 vim

156 1891 235 1942 inter.
247 1891 323 1959 leges
342 1895 371 1943 et
384 1891 492 1944 iudicia
509 1898 538 1944 et
552 1891 583 1943 in
597 1891 752 1944 constituta
770 1907 799 1944 re
813 1891 929 1960 publiea
942 1891 1002 1944 fore

156 1972 306 2040 putamusl
342 1972 406 2025 XII.
443 1972 486 2026 41.
505 1971 579 2024 Mihi
598 1971 713 2040 quidem
730 1987 789 2024 non
808 1971 886 2041 apud
903 1973 1003 2024 Medos

157 2051 255 2120 solum,
268 2057 301 2106 ut
315 2052 356 2106 ait
369 2053 539 2120 Herodotus,
553 2053 604 2106 sed
622 2052 707 2105 etiam
726 2052 803 2122 apud
817 2052 938 2106 maiores
954 2069 1003 2105 no

157 2139 229 2186 stros
243 2133 366 2197 iustitiae
380 2133 514 2186 fruendae
530 2149 614 2186 causa
627 2133 761 2186 videntur
775 2132 843 2185 olim
857 2133 930 2185 bene
944 2150 1003 2185 mo-

157 2215 212 2267 rati
236 2231 316 2284 roges
340 2214 496 2267 constituti.
533 2215 608 2266 Nam
633 2229 699 2266 oum
724 2217 896 2282 premeretur
919 2213 1002 2266 initio

157 2295 311 2350 multitudo
327 2296 363 2348 ab
375 2294 417 2362 iis,
428 2294 477 2362 qui
490 2294 607 2346 maiores
622 2310 689 2364 opes
703 2293 854 2362 habebant,
864 2294 903 2346 ad
915 2309 1002 2346 unum

157 2376 280 2445 aliquem
301 2375 504 2444 'confugiebant
524 2374 630 2427 virtute
654 2378 850 2443 praestantem,
868 2373 919 2442 qui
939 2389 1003 2426 oum

150 2447 320 2524 'prohiberet
343 2455 447 2508 iniuria
471 2454 619 2521 tenuiores,
637 2454 778 2523 aequitate
804 2453 1003 2506 constituenda

158 2535 482 2592 summos.ouminfi1nis
500 2534 562 2604 pari
576 2534 637 2587 iuro
654 2534 801 2587 retinebat.
839 2534 1003 2601 Eademque
1081 2559 1086 2572 ·

157 2613 416 2668 constituendarum
426 2617 520 2685 legum
529 2613 583 2666 fuit
593 2630 676 2667 eausa
686 2630 757 2682 quae
769 2629 874 2683 rogum.
899 2615 943 2668 42.
956 2615 1003 2666 Ius

158 2693 232 2746 onim
244 2710 353 2762 semper·
364 2700 406 2747 est
419 2695 577 2764 quaesitum
589 2695 751 2762 aequabile:
767 2711 858 2762 neque
871 2693 946 2747 enim
955 2695 1003 2746 ali-

158 2783 200 2827 ter
215 2779 286 2826 esset
301 2774 351 2828 ius.
389 2776 424 2827 Id
439 2776 463 2828 si
481 2776 517 2828 ab
532 2792 588 2828 uno
602 2775 678 2828 iusto
697 2781 725 2828 et
740 2776 815 2828 bono
829 2775 891 2829 viro
910 2791 1002 2827 conse-

159 2854 322 2924 quebantur,
338 2860 419 2907 erant
438 2871 470 2908 eo
490 2855 631 2908 contenti:
651 2871 716 2908 eum
734 2856 766 2908 id
784 2856 877 2907 minus
895 2855 1002 2907 contiu-

159 2939 244 3005 geret,
258 2935 334 3004 leges
349 2939 415 2987 sunt
429 2934 561 2988 inventae
579 2951 649 3002 quae
667 2951 732 2988 oum
747 2935 877 2988 omnibus
895 2950 1002 3003 semper

159 3031 215 3069 una
227 3020 311 3082 atque
325 3015 423 3066 eadem
432 3029 501 3065 voce
513 3016 701 3080 loquerentur.
732 3017 808 3083 Ergo
820 3016 875 3066 hoo
888 3014 1001 3083 quidem

158 3094 338 3162 perspicuum
350 3096 399 3160 ost,
408 3107 455 3144 eos
467 3092 504 3144 ad
514 3092 709 3160 imperandum
722 3094 810 3164 deligi
823 3094 928 3164 solitos,
937 3111 1007 3165 quo·
