2256 3448
94 142 101 156 “
141 137 189 185 146
457 135 507 184 ΒΕ
524 133 675 185 OFFICIIS

139 224 192 272 tor.
230 219 321 284 Quam
346 235 410 272 eum
433 219 580 286 Sicyonem
605 217 753 286 attulisset,
774 217 906 270 adhibuit
931 218 986 272 sibi

140 301 169 352 in
187 299 336 352 eonsilium
352 299 513 368 quindecim
528 299 676 368 principes,
690 314 755 350 cunr
770 298 874 366 quibus
888 315 988 352 causas

140 379 276 450 cognorit
293 383 321 432 et
336 395 440 447 eorum,
450 379 502 446 ‘qui
517 379 608 432 aliena
622 379 764 447 tenebant,
779 383 807 430 ct
821 395 926 442 eorum,
937 379 987 448 qui

140 477 190 513 sua
205 460 362 528 omiserant,
373 459 545 530 perfecitque
561 459 742 512 aestimandis
754 459 987 528 possessionibus
1001 481 1006 490 ·

140 548 172 593 ut
192 541 373 610 persuaderet
397 540 468 608 aliis,
488 545 521 592 ut
540 539 689 609 pecuniam
713 539 839 608 accipere
860 540 987 605 mallent,

140 621 364 690 possessionibus
379 621 517 686 cederent,
532 619 602 688 aliis,
615 625 649 672 ut
663 619 839 672 commodius
852 624 988 688 putarent

139 702 280 754 numerari
293 701 348 754 sibi
361 702 440 770 quod
452 699 527 753 tanti
539 704 610 753 esset
624 716 708 768 quam
721 715 802 753 suum
814 715 986 768 recuperare.

140 782 354 850 Imperfectum
370 786 412 834 est
426 786 458 834 ut
473 796 570 832 omnes
588 780 741 834 concordia
759 780 914 832 constituta
927 779 988 833 sine

141 863 254 928 querela
273 862 458 916 discederent.
497 863 538 914 83.
555 861 683 914 Ovirum
700 877 836 930 magnum
854 861 987 930 dignum·

141 957 195 1008 que
209 941 257 1009 qui
270 941 299 993 in
312 958 341 1008 re
356 943 471 1010 publica
486 947 582 994 nostra
597 946 680 994 natus
695 943 783 995 esset!
821 941 868 994 Sic
880 958 932 1011 par
944 949 988 995 est

140 1038 222 1090 agere
235 1037 299 1073 cum
312 1021 429 1089 civibus
440 1039 505 1089 non,
516 1027 549 1075 ut
562 1021 608 1074 bis
621 1021 678 1074 iam
690 1022 822 1090 vidimus,
833 1022 943 1074 hastam
955 1023 986 1075 in

57 1159 59 1163 ,
139 1101 200 1153 foro
215 1117 319 1170 ponere
334 1107 363 1154 et
381 1103 455 1154 bena
474 1103 579 1155 civium
593 1103 659 1156 voci
677 1103 812 1156 subiicere
829 1103 985 1172 praeconis.

140 1183 180 1234 At
194 1181 243 1234 ille
259 1183 388 1250 Graecus,
403 1183 435 1234 id
450 1185 529 1250 quod
543 1183 597 1236 fuit
616 1183 754 1252 sapientis
771 1188 799 1236 et
817 1184 986 1253 praestantis

139 1262 202 1328 viri,
217 1263 348 1316 omuibus
364 1263 566 1316 consulendum
581 1263 701 1332 putavit,
715 1279 802 1332 eaque
818 1269 862 1316 est
877 1280 987 1318 summa

140 1344 213 1396 ratio
226 1350 255 1396 et
268 1343 406 1414 sapientia
420 1343 488 1396 boni
501 1343 579 1413 civis,
590 1343 738 1396 commoda
752 1343 857 1396 civium
872 1359 930 1397 non
943 1345 986 1397 di-

139 1425 243 1478 vellere
256 1430 341 1492 atque
357 1441 453 1476 omnes
470 1424 611 1492 aequitate
625 1425 724 1477 eadem
739 1423 889 1476 continere.
928 1423 986 1477 Ha-

140 1505 231 1558 bitent
241 1505 329 1574 gratis
338 1505 368 1557 in
381 1505 492 1558 alienet
522 1505 598 1571 Quid
607 1505 667 1560 ital
682 1511 722 1572 ut,
733 1521 797 1558 eum
807 1521 861 1574 ego
871 1505 985 1559 emerim

105 1609 106 1614 ¹
139 1587 317 1653 aedificarim,
328 1591 407 1638 tuear
418 1585 590 1654 impendam,
599 1591 631 1638 tu
641 1603 685 1638 mc
697 1586 788 1640 invito
802 1585 894 1640 fruare
904 1589 985 1642 meol

140 1666 217 1732 Quid
229 1672 272 1719 est
284 1666 362 1719 eliud
376 1667 439 1720 aliis
451 1683 501 1719 sua
516 1667 630 1736 eripere,
641 1667 704 1719 aliis
717 1668 783 1720 dare
796 1667 907 1722 alienat
940 1670 984 1722 84.

113 1755 120 1764 “
139 1741 262 1798 Tabulae
281 1763 348 1799 vero
369 1763 459 1800 novae
479 1747 549 1814 quid
571 1748 676 1800 habent
698 1749 855 1817 argumenti
878 1749 932 1802 nisi
952 1756 985 1802 ut

139 1841 214 1877 emas
234 1842 295 1877 mea
315 1827 435 1894 pecunia
451 1827 579 1895 fundum,
593 1844 657 1880 eum
676 1832 707 1880 tu
727 1829 839 1894 habeas
853 1845 909 1899 ego
926 1846 983 1881 non

138 1905 257 1960 babeam
271 1906 440 1974 pecuniaml
476 1909 580 1962 XXIV.
597 1908 688 1974 Quam
703 1909 740 1961 ob
758 1925 816 1961 rem
831 1927 866 1961 ne
885 1909 923 1962 sit
938 1927 984 1962 aes

139 1985 262 2039 alienum
279 1987 356 2054 quod
376 1987 416 2039 rei
436 1989 566 2056 publicae
586 1994 685 2042 noceat
705 1990 913 2059 providendum
933 1997 982 2056 est,

139 2069 217 2136 quod
231 2069 329 2122 multis
344 2069 500 2122 rationibus
515 2069 608 2122 caveri
622 2077 723 2140 potest,
737 2087 803 2139 non,
814 2072 838 2124 si
849 2071 940 2140 fuerit,
951 2079 985 2124 ut

139 2150 294 2219 locupletes
307 2165 389 2203 suum
401 2149 529 2219 perdant,
540 2150 681 2204 debitores
695 2153 839 2204 lucrentur
851 2153 991 2206 alienum.¹

138 2233 199 2284 Nec
211 2233 286 2286 enim
298 2233 357 2285 ulla
369 2248 412 2284 res
424 2232 618 2285 vehementius
631 2249 689 2284 rem
701 2233 844 2302 publicam
857 2234 983 2286 continet

139 2329 224 2380 quam
238 2314 316 2380 fides,
329 2329 401 2380 quae
415 2329 473 2364 esse
487 2313 565 2365 nulla
579 2319 681 2382 potest,
695 2313 750 2366 nisi
763 2313 816 2366 erit
828 2315 984 2377 necessaria

139 2395 246 2447 solutio
266 2411 358 2447 rerum
387 2393 565 2446 creditarum.
605 2395 767 2462 Numquam
788 2395 984 2449 vehementius

139 2480 233 2527 actum
248 2481 291 2528 est
305 2491 389 2544 quam
403 2491 448 2527 me
466 2475 578 2527 consule
596 2491 632 2526 ue
650 2477 810 2529 solveretur.
844 2476 939 2528 Armis
954 2483 984 2528 ct

139 2555 235 2606 castris
254 2559 391 2625 temptata
408 2571 452 2608 res
469 2559 511 2608 est
530 2555 566 2608 ab
580 2555 662 2608 ,omni
678 2573 779 2624 genere
793 2557 939 2609 bominum
953 2564 983 2608 et

139 2633 253 2688 ordine:
273 2636 376 2702 quibus
391 2635 432 2689 ita
450 2635 549 2705 restiti,
562 2639 595 2688 ut
609 2637 664 2689 hoe
678 2641 771 2690 totum
785 2638 890 2690 malum
902 2638 939 2690 de
953 2654 982 2690 re

138 2713 253 2784 publica
264 2717 416 2770 tolleretur.
454 2717 616 2784 Numquam
630 2733 682 2770 nec
697 2717 786 2771 maius
800 2735 846 2771 aes
859 2719 982 2771 alienum

138 2793 193 2847 fuit
204 2810 255 2846 nee
267 2796 367 2848 melius
383 2813 435 2849 neo
448 2797 558 2850 facilius
571 2797 739 2852 dissolutum
753 2803 809 2852 est:
828 2799 982 2852 fraudandi

138 2876 212 2929 enim
226 2892 274 2946 spe
287 2877 397 2929 sublata
409 2879 538 2931 solvendi
547 2879 696 2932 necessitas
706 2884 856 2933 consecuta
865 2887 915 2934 est.
941 2881 981 2932 At

138 2974 203 3010 vero
216 2957 263 3010 bie
278 2973 354 3009 nunc
366 2957 465 3024 vietor,
475 2964 537 3010 tum
550 2959 665 3026 quidem
677 2961 778 3030 victus,
788 2977 859 3029 quae
875 2961 981 3031 cogita-

138 3041 189 3101 rat,
203 3054 235 3088 ea
250 3035 375 3106 perfecit,
390 3051 454 3086 oum
470 3038 529 3088 eius
544 3038 600 3090 iam
615 3039 688 3091 nihil
702 3041 856 3095 interesset.
889 3043 981 3096 Tanta

137 3113 167 3163 in
183 3131 216 3165 eo
228 3114 365 3182 peccandi
380 3113 471 3164 libido
485 3115 548 3182 fuit,
559 3121 591 3168 ut
606 3118 660 3170 hoe
675 3119 767 3188 ipsum
780 3115 844 3174 eum
859 3123 981 3176 delecta·
