2272 3442
140 144 172 190 ao
368 137 406 186 nu.
423 105 551 188 runnu
568 139 757 189 cronaorus

140 222 200 272 tum
209 220 304 271 nostra
312 216 496 270 familiaritate
506 217 564 270 visa
573 221 624 270 est
652 219 752 286 Itaque
761 217 814 272 feci
822 233 876 272 non
885 217 989 273 invitus

140 299 172 347 ut
188 292 347 360 prodessem
361 291 454 345 multis
470 289 569 359 rogatu
585 297 640 348 tuo.
676 301 701 346 4.
722 295 777 348 Sed
793 297 825 348 nt
841 295 869 347 iu
885 295 989 349 Catone

140 369 252 436 Majore‚
275 367 322 436 qni
341 371 383 422 cst
402 367 520 436 scriptus
539 369 575 422 ad
593 373 622 423 te
634 369 670 423 dc
688 373 837 436 senectute,
858 371 989 424 Catonem

139 445 235 497 induxi
249 461 342 497 senem
358 444 551 511 disputantem,
571 446 635 514 quia
649 447 723 499 nulla
738 446 885 498 videbatur
899 447 989 514 aptior

107 578 112 589 Ι
139 538 254 590 persona
268 537 337 589 quae
356 519 391 572 de
409 519 455 572 illa
475 524 566 573 aetate
581 521 748 589 loqucrctur‚
765 539 847 590 quam
866 521 989 590 ejusqui

139 603 168 650 et
180 597 333 650 diutissime
348 613 431 650 senex
447 595 544 650 fuisset
560 599 589 650 ct
602 597 631 650 in
647 598 706 666 ipsa
723 600 863 651 senectute
877 602 988 665 praeter

138 678 244 726 ceteros
263 673 413 736 floruissct;
439 672 484 740 sic,
505 690 588 741 quum
609 675 805 742 accepissemus
826 691 843 726 a
862 673 987 742 patribus

138 749 256 802 inarime
275 748 477 802 memorabilem
499 748 527 800 O.
541 749 627 802 Laelii
646 753 675 803 et
698 751 727 804 P.
741 749 873 818 Scipionis
891 749 988 802 famili-

137 827 264 880 aritatem
276 827 366 892 fuisse,
380 824 555 878 idoneamihi
568 825 654 878 Laelii
667 826 850 894 personantes
862 829 905 878 est
917 842 989 892 quae

138 901 173 954 do
189 902 308 956 amicitia
322 918 355 954 ca
368 901 428 968 ipsa
441 901 588 954 dissereret
602 918 671 969 quae
689 901 828 969 disputata
840 900 875 954 ab
888 917 920 954 eo
932 919 988 955 me·

137 977 260 1028 misisset
279 976 414 1030 Scaevola.
452 976 544 1028 Genus
563 980 654 1029 antem
674 978 724 1030 hoo
743 993 898 1030 sermonum
919 977 988 1044 posi·
1012 1007 1013 1010 =

107 1103 111 1110 ,
136 1054 195 1103 tuin
214 1053 242 1104 in
261 1051 399 1104 hominnm
419 1056 543 1105 veterum
566 1053 728 1106 auctoritate
751 1057 893 1106 eteorum
915 1052 988 1104 ilius-

136 1127 220 1179 trium
234 1127 296 1194 plus
315 1129 472 1196 nescioquo
490 1131 570 1196 pacto
585 1128 695 1181 videtur
713 1128 815 1181 habere
833 1127 986 1194 gravitatis.

137 1201 150 1253 I
154 1205 236 1269 taque
248 1203 307 1270 ipse
319 1219 380 1255 mea
392 1203 485 1270 legens
498 1203 536 1256 sic
548 1203 649 1256 afficior
660 1202 800 1256 interdum
812 1207 844 1256 ut
854 1203 986 1256 Catonem

135 1291 188 1328 non
212 1293 256 1330 me
277 1277 351 1345 loqui
373 1278 533 1332 existimem,
570 1285 593 1332 5.
621 1278 676 1332 Sed
699 1282 731 1331 nt
751 1282 811 1332 tum
835 1278 871 1330 ad
891 1295 984 1332 senem
1075 1325 1078 1330 .
1131 1319 1132 1350 i

135 1367 218 1405 sonex
230 1351 266 1406 dc
278 1357 424 1418 senectute,
438 1354 476 1407 sic
487 1354 538 1408 hoc
550 1353 619 1408 libro
628 1354 665 1407 ad
676 1354 792 1407 amicum
805 1353 985 1406 amicissimus

134 1429 169 1482 de
193 1429 310 1484 amicitia
336 1429 438 1496 scripsi.
475 1429 542 1482 Tum
566 1433 609 1483 est
630 1431 697 1484 Cato
721 1429 827 1482 locutus
848 1445 903 1496 quo
924 1433 985 1484 erat

134 1519 213 1556 nemo
236 1506 293 1558 fere
318 1506 407 1558 senior
428 1507 598 1573 temporibus
623 1505 683 1570 illis,
704 1521 783 1558 nenio
807 1503 983 1571 prudentior:

134 1594 204 1631 nuno
219 1580 327 1632 Laelius
342 1583 371 1633 et
386 1581 501 1648 sapiens,
518 1581 556 1633 sic
571 1581 642 1633 enim
660 1583 701 1632 est
717 1579 836 1646 habitus,
850 1583 878 1632 ot
894 1579 984 1632 amici-

134 1653 188 1706 tiae
208 1655 295 1721 gloria
316 1655 450 1708 excellens
472 1655 507 1708 de
528 1656 647 1708 amicitia
668 1655 796 1722 loquitur.
839 1654 881 1708 Tu
901 1654 982 1708 velim

133 1728 286 1799 animumn
304 1746 348 1782 me
365 1747 512 1797 parumper
530 1737 645 1797 avertas,
659 1729 781 1782 Laelium
800 1730 874 1798 loqui
893 1729 982 1797 ipsum

133 1807 220 1870 putes.
256 1805 285 1858 O.
306 1805 425 1858 Fannius
445 1810 473 1858 ct
494 1806 525 1869 Q.
544 1806 650 1859 Mucius
669 1805 705 1858 ad
725 1822 848 1858 socerum
868 1805 981 1859 veniunt

133 1883 194 1946 post
212 1885 328 1932 mortem
343 1881 479 1935 Africani:
499 1881 534 1934 ab
552 1881 594 1934 his
613 1898 701 1934 sermo
720 1881 815 1948 oritur,
833 1881 982 1948 respondet

129 1954 249 2021 ‘Laelius
274 1955 351 2023 cujus
375 1959 435 2009 tota
457 1957 604 2024 disputatio
628 1959 671 2010 est
695 1957 731 2010 do
754 1957 879 2024 amicitia,
900 1964 982 2024 quam

133 2028 225 2096 legens
242 2030 275 2081 tu
297 2033 326 2083 tc
345 2031 433 2100 ipsum
447 2049 598 2100 cognosces.

186 2105 224 2159 ΙΙ.
260 2111 285 2160 6.
304 2107 437 2162 anmus.
476 2109 545 2160 Sunt
559 2108 619 2172 ista,
634 2107 717 2175 Laeli,
731 2124 781 2161 nec
795 2109 867 2166 enim
885 2107 981 2161 melior
1014 2141 1016 2146 ·

133 2180 174 2232 vir
184 2181 237 2235 fuit
251 2182 380 2235 Africano
394 2185 537 2252 quisquam
552 2200 601 2236 nec
614 2181 716 2238 clarior.
754 2181 815 2237 Sed
824 2183 980 2236 existimare

133 2256 217 2310 debes
233 2259 351 2311 omnium
369 2259 459 2312 oculos
477 2276 548 2312 nunc
561 2259 589 2312 iu
604 2263 633 2312 to
652 2275 712 2312 esse
728 2259 879 2326 conjectos;
897 2275 980 2311 unum

133 2334 161 2384 te
176 2334 325 2401 sapientem
345 2337 374 2388 et
394 2335 531 2403 appellant
549 2340 578 2388 et
596 2335 760 2388 existimant.
798 2333 981 2387 Tribuebatur

133 2406 182 2460 hoc
201 2409 282 2462 modo
301 2411 339 2465 M.
357 2411 469 2476 Catoni3
493 2411 592 2463 scimus
611 2410 641 2461 L.
657 2409 774 2462 Atilium
794 2409 867 2474 apud
886 2412 980 2476 patres

132 2487 239 2536 nostros
263 2486 428 2552 appellatum
449 2503 508 2540 esse
533 2486 697 2552 sapientem:
721 2483 770 2535 sed
791 2487 908 2549 uterque
926 2483 980 2537 alio

133 2558 250 2624 quodam
264 2559 359 2624 modo;
378 2561 481 2613 Atilius
496 2560 561 2628 quia
575 2559 695 2626 prudens
710 2574 770 2610 csse
785 2557 814 2609 in
828 2556 893 2624 jure
906 2557 979 2614 cirili

132 2632 294 2700 putabatnr;
312 2633 380 2686 Cato
395 2635 458 2702 quia
471 2635 618 2686 multarum
630 2650 722 2686 rerum
734 2649 813 2685 usum
826 2632 978 2686 habebat-

132 2708 218 2760 multa
230 2707 290 2775 ejus
302 2710 331 2761 et
342 2708 370 2760 in
383 2709 485 2763 Senatu
498 2712 527 2762 et
538 2709 566 2761 in
579 2710 637 2760 foro
649 2709 692 2762 vel
708 2709 816 2778 provisa
828 2707 979 2777 prudentor

133 2783 173 2834 vel
183 2786 244 2835 acta
254 2786 411 2836 constanter
423 2785 465 2838 vel
477 2801 606 2853 responsa
616 2789 695 2838 acute
706 2784 978 2852 ferebantur-prop-

132 2860 208 2910 terea
222 2857 298 2924 quasi
312 2875 459 2926 cognomen
471 2861 529 2928 jam
542 2860 661 2913 habebut
677 2861 704 2914 in
720 2864 860 2914 senectute
875 2877 923 2927 sap
915 2861 977 2912 ien-

132 2933 175 2986 tis
212 2933 249 2986 Tc
261 2937 352 2986 autem
368 2935 419 2987 alio
435 2937 552 3004 quodam
569 2936 657 3002 modo,
670 2954 723 2990 non
736 2937 822 2989 solum
834 2940 932 2988 natura
948 2940 977 2990 ct

129 3008 259 3086 moribus,
272 3025 365 3062 verum
378 3015 406 3064 et
407 3011 460 3063 iam
473 3015 498 3064 st
487 3011 563 3064 tudio
573 3016 601 3066 ct
611 3013 735 3066 doctrina
747 3029 806 3066 csse
819 3012 976 3080 sapientem,

132 3101 182 3138 uec
195 3086 251 3138 sicu
252 3086 376 3152 tvulgus
378 3086 427 3139 sed
436 3090 467 3139 ut
455 3087 566 3140 terudit
567 3087 674 3140 rsolcnt
681 3088 818 3156 appellare
826 3093 932 3157 sapien
934 3104 977 3141 cm

132 3161 259 3226 qualem·
252 3177 280 3215 m
288 3161 393 3230 reliqua
402 3162 516 3218 Graecia
527 3163 720 3222 neminem-7
734 3179 797 3218 uam
809 3164 856 3234 qui
869 3168 977 3235 septem
