2256 3448
218 158 288 206 ΜΒ.
306 158 339 218 I.‚
356 157 433 206 CAP.
450 156 906 219 XXXV.-xxxv11.,§12e133.
940 161 987 208 105

138 257 202 294 mur
216 240 247 292 in
261 240 390 310 ingressu
404 240 588 308 mollioribus,
602 246 634 294 ut
646 257 811 311 pomparum
824 241 938 295 ferculis
952 243 987 296 si·

138 323 221 375 miles
233 338 292 374 esse
301 321 456 389 videamur,
467 327 516 374 aut
525 321 555 373 in
565 321 792 376 festinationibus
804 323 987 393 suscipiamus

139 403 241 455 nimias
254 403 417 470 celeritates,
428 419 499 471 quae
512 419 577 455 cum
588 403 668 467 fiunt,
678 403 819 457 anhelitus
831 410 986 472 moventur,

139 485 236 536 vultus
257 488 410 550 mutantur,
429 500 478 536 ora
498 487 681 550 torquentur:
706 501 741 536 ex
763 485 864 552 quibus
885 502 988 554 magna

140 563 310 632 significatio
328 563 361 616 fit
381 579 439 615 non
463 563 559 616 adesse
581 563 775 618 constantiam.
821 565 876 618 Sed
897 568 987 618 multo

140 644 225 696 etiam
239 643 328 713 magis
341 643 544 696 elaborandum
557 647 644 696 estne
657 643 744 695 animi
756 648 849 697 motus
862 661 878 697 a
890 651 988 698 natura

15 717 22 730 '
79 719 80 724 ’
141 725 287 778 recedant:
310 726 388 792 quod
403 726 595 792 adsequamur,
609 723 634 776 si
652 724 813 778 cavebimus
830 742 865 778 ne
883 727 914 778 in
929 744 988 796 per-

141 805 314 858 turbationes
323 810 407 872 atque
420 804 640 858 exanimationes
652 804 810 858 incidamus
822 810 857 871 et,
867 805 890 858 si
900 812 988 858 atten-

142 894 186 938 tos
195 885 303 938 animos
312 887 350 938 ad
360 885 470 938 decoris
479 885 719 939 conservationem
729 885 895 940 tenebimus.
928 888 987 941 132.

142 967 237 1018 Motus
252 970 346 1018 autem
361 966 518 1018 animorum
533 965 660 1034 duplices
679 970 751 1032 sunt,
765 967 845 1019 alteri
860 966 988 1036 cogitati-

142 1046 213 1113 oniS,
229 1045 311 1098 alteri
330 1045 480 1115 appetitus
518 1046 662 1114 Cogitatio
681 1046 711 1098 in
729 1063 795 1099 vero
814 1047 988 1114 exquirendo

142 1125 263 1178 maxime
276 1131 408 1192 versatur,
417 1125 560 1195 appetitus
572 1126 695 1195 impellit
707 1127 744 1178 ad
755 1128 903 1196 agendum.
936 1128 989 1180 Cu-

142 1206 262 1259 randum
276 1211 318 1258 est
330 1205 420 1275 igitur
431 1211 463 1258 ut
471 1206 648 1275 cogitatione
663 1207 700 1258 ad
713 1223 756 1259 res
768 1223 853 1274 quam
868 1207 989 1276 optimas

142 1293 262 1354 utamur,
282 1286 439 1356 appetitum
460 1287 564 1340 rationi
582 1286 780 1339 oboedientem
798 1289 987 1356 praebeamus

142 1368 289 1422 XXXVII.
313 1368 350 1419 Et
366 1366 498 1434 quoniam
514 1383 617 1435 magna
632 1367 676 1418 vis
692 1366 827 1418 orationis
845 1372 887 1420 est
902 1385 988 1437 eaque

143 1448 257 1517 duplex,
270 1448 357 1500 altera
373 1446 570 1514 contentionis,
584 1447 671 1498 altera
689 1446 831 1514 sermonis,
845 1449 989 1501 contentio

143 1526 396 1597 disceptationibus
409 1527 551 1579 tribuatur
566 1525 744 1592 iudiciorum,
760 1526 932 1595 contionum,
949 1543 989 1580 se·

142 1613 235 1674 natus,
253 1623 343 1660 sermo
363 1607 394 1658 in
416 1606 534 1673 circulis,
553 1606 800 1676 disputationibus,
818 1609 989 1676 congressio-

143 1688 227 1740 nibus
245 1687 426 1740 familiarium
444 1693 584 1753 versetur,
595 1692 728 1754 sequatur
745 1687 832 1741 etiam
851 1688 987 1743 convivia.

144 1767 340 1822 Contentionis
351 1772 501 1836 praecepta
513 1768 657 1820 rhetorum
672 1772 744 1836 sunt,
754 1769 832 1822 nulla
847 1770 988 1838 sermonis,

143 1865 315 1917 quamquam
334 1848 411 1900 haud
432 1847 490 1900 scio
512 1864 548 1900 an
569 1848 678 1918 possint
697 1849 767 1902 haec
788 1866 900 1918 quoqne
922 1867 987 1904 esse.

144 1930 201 1983 Sed
216 1927 386 1984 discentium
400 1927 501 1980 studiis
516 1927 697 1981 inveniuntur
712 1930 847 1999 magistri,
861 1931 928 1984 huic
943 1948 989 1984 au·

142 2015 201 2063 tem
219 2010 269 2078 qui
290 2010 424 2063 studeant
443 2012 508 2061 sunt
526 2008 607 2070 nulli,
623 2010 766 2062 rhetorum
786 2012 868 2063 turba
889 2011 989 2064 referta

144 2091 259 2144 omnia
284 2091 460 2157 Quamquam
479 2105 551 2156 quae
565 2090 715 2141 verborum
733 2091 989 2158 sententiarumque

143 2175 293 2240 praecepta
302 2176 375 2237 sunt,
383 2171 481 2224 eadem
491 2170 527 2222 ad
538 2185 692 2222 sermonem
702 2169 892 2238 pertinebunt,
929 2175 987 2225 133.

145 2254 201 2306 Sed
217 2269 281 2305 cnm
299 2252 432 2305 orationis
451 2251 575 2304 indicem
589 2266 686 2303 vocem
701 2251 862 2318 habeamus,
875 2251 906 2303 in
920 2268 989 2306 voce

144 2341 238 2386 autem
253 2333 310 2386 duo
326 2349 481 2400 sequamur,
492 2338 524 2385 nt
536 2334 610 2384 clara
625 2331 669 2398 sit,
680 2336 712 2383 ut
727 2331 826 2399 suavis,
840 2336 989 2400 utrumque

144 2415 260 2466 omnino
276 2427 293 2466 a
307 2419 406 2466 natura
418 2413 571 2482 petendum
584 2416 633 2479 est,
643 2427 739 2465 verum
751 2412 869 2464 alterum
885 2413 989 2465 exerci-

144 2495 216 2547 tatio
236 2494 359 2564 augebit,
374 2495 493 2547 alterum
512 2493 635 2546 imitatio
654 2507 745 2562 presse
764 2492 940 2559 loquentium
960 2501 1009 2552 ct.

145 2574 251 2628 leniter.
288 2574 369 2627 Nihil
381 2574 435 2626 fnit
446 2574 477 2626 in
492 2575 606 2641 Catulis,
617 2578 649 2626 ut
664 2589 711 2625 eos
725 2572 867 2641 exquisito
881 2573 989 2628 iudicio

144 2661 258 2724 putares
275 2654 319 2707 uti
337 2654 499 2722 litterarum,
514 2669 684 2721 quamquam
704 2659 783 2706 erant
799 2653 923 2724 litterati,
940 2657 989 2709 sod

145 2741 173 2787 et
186 2735 242 2802 alii,
253 2735 284 2787 hi
299 2739 393 2788 autem
408 2734 514 2804 optime
528 2734 571 2786 uti
586 2734 683 2802 lingua
695 2734 796 2787 Latina
807 2737 987 2805 putabantur.

146 2815 237 2868 Sonus
252 2819 311 2867 erat
326 2813 426 2880 dulcis,
439 2814 548 2866 litterae
565 2829 656 2881 neque
671 2830 816 2883 expressae
833 2832 924 2884 noque
941 2833 989 2886 op·

145 2911 262 2964 pressae,
273 2911 308 2948 ne
324 2899 373 2947 aut
388 2894 538 2946 obscurum
553 2900 624 2946 esset
639 2898 688 2946 aut
700 2895 841 2963 putidum,
852 2896 911 2949 sine
926 2913 988 2948 con·

145 2975 272 3028 tentione
281 2991 337 3030 vox
350 2992 402 3027 nec
410 2977 545 3043 languens
558 2990 608 3026 nec
622 2990 731 3028 canora,
768 2975 887 3030 Uberior
899 2976 988 3029 oratio

146 3057 177 3108 L.
190 3055 280 3109 Crassi
294 3071 346 3108 nec
362 3055 455 3107 minus
470 3054 568 3118 laceto,
583 3055 633 3106 sed
650 3055 719 3106 bene
736 3055 872 3122 loquendi
888 3055 924 3108 de
939 3057 988 3107 Ca-

130 3136 214 3188 ·tulis
233 3135 330 3204 opinio
346 3151 403 3186 non
419 3141 516 3186 minor.
555 3135 617 3186 Sale
632 3149 698 3185 vero
717 3138 744 3186 et
758 3134 866 3186 facetiis
881 3135 987 3192 Caesar.
