2272 3442
370 399 409 455 M.
431 398 562 452 TULLII
588 397 793 453 CICERONIS

70 525 72 530 ’
162 531 286 604 ι(ιΑτο
317 530 465 603 urion
499 489 601 602 srrn
630 531 687 603 on
722 529 987 604 sannorum

565 663 603 701 sn

308 761 340 819 Τ.
364 761 630 819 POMPONIUM
650 759 851 818 ATTIOUM.

229 1019 255 1070 Ι.
291 1020 312 1068 l.
338 1020 434 1080 OTite,
445 1020 532 1084 siquid
540 1039 585 1086 ego
594 1023 694 1086 adjuero
707 1037 822 1068 curamve
832 1022 928 1068 levasso

335 1085 403 1143 Quae
415 1101 481 1133 nune
492 1092 517 1134 te
529 1090 613 1149 coquit
625 1094 650 1134 et
661 1091 743 1134 versat
754 1087 780 1132 in
790 1091 889 1148 pectore
899 1085 957 1142 fixa,

335 1149 433 1212 Ecquid
444 1151 491 1198 erit
501 1153 611 1214 praemll

165 1233 244 1288 Licet
255 1235 327 1288 enim
339 1233 406 1287 mihi
418 1235 542 1290 versibus
560 1235 664 1290 eisdem
682 1235 759 1289 affari
777 1238 813 1303 te,
832 1233 934 1301 Attice,
951 1233 1010 1300 qui-

165 1310 217 1364 bus
234 1309 334 1362 affatur
351 1311 532 1363 Flamininum

279 1400 325 1447 Ille
336 1401 374 1448 vir
385 1401 451 1448 haud
462 1417 553 1464 magna
564 1417 621 1449 cum
632 1419 665 1460 re,
679 1403 721 1450 sed
732 1401 816 1464 pleuu'
827 1403 891 1450 fidei,

167 1486 337 1554 Quamquam
350 1488 426 1539 certo
439 1485 501 1552 scio,
512 1504 572 1554 non,
584 1490 616 1540 ut
629 1487 816 1552 Flamininum,

279 1587 410 1635 Sollicitari
421 1591 454 1648 te,
466 1588 528 1647 Tite,
544 1588 578 1636 sic
589 1594 723 1651 noctesque
734 1589 841 1651 diesque.

168 1681 239 1735 Nori
248 1681 320 1734 euim
332 1681 548 1736 moderationem
559 1683 641 1736 animi
653 1683 695 1736 tui
707 1687 736 1736 et
745 1683 919 1752 aequitatem,
927 1685 1012 1753 teque

168 1774 220 1811 non
233 1773 379 1825 cognomen
397 1758 482 1811 solum
496 1758 615 1812 Athenis
628 1759 788 1827 deportasse
801 1760 850 1812 sod
862 1760 1012 1813 humanita-

168 1837 283 1886 tem-et·
298 1829 473 1902 prudentiam
497 1834 626 1902 intelligo.
669 1836 704 1888 llt
728 1839 820 1888 tamen
840 1839 869 1889 te
892 1835 1012 1903 suspicor

169 1909 272 1962 eisdem
290 1909 373 1963 rebus
392 1910 491 1977 quibus
509 1911 642 1979 meipsum
661 1912 799 1965 interdum
817 1912 926 1979 gravius
942 1928 1013 1964 com-

169 1985 277 2049 moveri,
290 2001 405 2054 quarum
417 1986 564 2040 consolatio
581 1991 609 2040 et
626 1986 713 2056 major
725 1991 768 2041 est
780 1991 809 2041 et
819 1988 847 2039 in
859 1987 933 2040 aliud
944 1991 1013 2040 tcm-

169 2078 220 2130 pus
232 2060 390 2114 differenda.
426 2062 450 2114 N
454 2079 506 2115 une
522 2067 615 2116 autem
628 2064 716 2115 visum
734 2067 777 2116 ost
795 2062 862 2115 mihi
875 2063 909 2116 de
922 2079 1013 2116 senec-

169 2140 231 2190 tute
251 2137 356 2205 aliquid
377 2137 413 2190 ad
436 2141 465 2190 te
488 2138 664 2192 conscribere.
709 2145 732 2191 2.
764 2139 825 2192 Hoc
843 2138 914 2191 enim
931 2155 1014 2192 onere

170 2212 244 2279 quod
264 2212 330 2264 mihi
352 2229 493 2266 commune
513 2218 605 2267 tecum
623 2217 667 2268 est
685 2218 733 2268 aut
749 2215 807 2280 jam
826 2214 949 2281 urgentis
966 2217 1014 2266 aut

170 2291 245 2340 certo
261 2286 435 2340 adventantis
459 2290 606 2342 senectutis
627 2294 698 2344 otte
714 2295 743 2346 et
760 2307 804 2344 me
821 2289 909 2358 ipsum
930 2289 1015 2342 levari

171 2363 246 2416 volo:
265 2362 317 2414 etsi
328 2365 358 2415 te
370 2361 481 2430 quidem
493 2363 523 2416 id
533 2363 640 2418 modice
651 2381 683 2418 ae
696 2368 832 2433 sapienter
845 2365 914 2417 sicut
926 2365 1016 2418 omnia

171 2441 201 2492 ot
212 2437 284 2493 lerre
296 2441 325 2491 et
337 2437 455 2492 laturum
468 2455 528 2492 esse
537 2443 614 2493 'certo
627 2441 689 2495 scio.
725 2440 781 2494 Sed
793 2440 866 2505 mihi,
880 2457 964 2509 quum
980 2441 1015 2494 dc

171 2517 312 2568 senectute
323 2514 422 2568 vellem
434 2515 538 2584 aliquid
551 2515 679 2585 seribere,
696 2520 728 2571 tu
746 2515 905 2570 occurrebas
918 2515 1016 2584 dignus
1126 2509 1127 2512 ’

171 2607 205 2644 eo
216 2607 329 2644 munere
341 2607 396 2659 quo
410 2594 529 2660 uterque
544 2595 668 2646 uostmm
686 2593 866 2646 communiter
883 2595 1016 2647 uteretur.

172 2666 242 2720 Mihi
260 2667 371 2735 quidem
388 2667 428 2721 ita
440 2667 564 2735 jucunda
580 2668 663 2737 hujus
681 2669 744 2733 libri
765 2668 897 2722 conlectio
915 2669 968 2721 fuit
986 2671 1017 2720 ut

171 2758 224 2794 uon
242 2742 323 2794 modo
342 2758 435 2796 omnes
453 2743 615 2798 absterserit
637 2745 786 2810 senectutis
803 2745 949 2811 molestias,
968 2743 1017 2798 sed

171 2817 291 2871 offecerit
303 2815 411 2870 mollem
425 2818 507 2872 etiam
525 2822 554 2872 et
567 2817 717 2886 jucundam
730 2823 906 2874 senectutem.
942 2820 968 2873 N
970 2836 1018 2873 un-

171 2909 254 2961 quam
265 2892 351 2961 igitur
362 2893 468 2946 laudari
487 2895 553 2948 satis
571 2895 653 2962 (ligne
665 2895 836 2965 philosophia
847 2896 958 2963 poterit,
974 2895 1017 2948 cui

172 2969 220 3036 qui
237 2972 334 3037 pareat
353 2985 431 3022 omne
450 2973 560 3038 tempus
581 2971 681 3024 aetatis
704 2971 762 3025 sine
785 2971 911 3026 molestia
931 2969 1018 3039 possit

172 3043 281 3111 degere.
313 3050 337 3098 3.
361 3044 417 3098 Sed
433 3045 469 3098 de
485 3046 584 3100 ceteris
602 3050 631 3100 et
649 3047 768 3100 diximus
785 3047 872 3100 multa
890 3049 920 3099 ct
937 3060 1019 3110 saepo
1125 3051 1127 3060 “

173 3117 307 3174 dicemus:
332 3119 403 3174 hune
425 3120 526 3174 librum
551 3121 586 3176 dc
610 3125 752 3176 senectuto
776 3122 812 3175 ad
836 3125 865 3174 to
888 3119 1017 3173 misimus.

172 3193 288 3248 Omnem
309 3197 402 3249 autern
427 3212 579 3250 sermonem
603 3198 750 3251 tribuimus
772 3213 826 3250 non
845 3195 967 3260 Tithono,
986 3195 1018 3246 ut
