2256 3448
154 113 202 160 148
471 109 521 158 DE
538 107 697 159 OFFICIIS.

153 200 278 270 corporis
294 199 342 267 sic,
356 202 388 251 ut
403 199 478 251 bona
492 199 626 252 valetudo
641 197 782 267 voluptati
800 198 998 266 anteponatur}
1100 225 1101 230 =

152 282 226 336 vires
245 279 389 347 celeritati,
404 283 583 332 externorum
601 283 702 348 autem,
715 282 748 331 ut
768 277 861 348 gloria
880 277 998 344 divitiis,

153 359 304 429 vectigalia
316 359 422 412 urbana
434 359 553 412 rusticis.
590 362 631 412 89.
647 361 690 412 Ex
704 375 760 426 quo
773 373 875 427 genere
888 373 998 426 compa·

153 441 269 495 rationis
280 440 354 494 illud
366 444 409 493 est
418 439 533 493 (latonia
545 439 634 494 senis:
654 457 671 492 a
679 456 735 507 quo
746 455 810 492 cum
821 445 999 506 quaereretur
1082 433 1084 436 ’

154 521 250 589 “quid
267 520 389 574 maxime
407 521 437 574 iu
455 537 485 572 re
499 520 631 573 familiari
649 519 997 589 expediret‚''respondit:

154 605 254 655 “Bene
277 603 417 672 pascere.”
454 601 555 669 “Quid
577 601 767 654 secunduml”
805 599 905 653 “Satis
926 601 998 652 bene

153 685 290 754 pascere.”
322 685 337 712 “
347 683 423 749 Quid
433 675 548 734 tertium
557 683 583 735 2³²
615 674 861 750 “Malepascere.”
895 680 998 746 “Quill

154 769 284 832 quartum
293 765 320 818 l'’
352 764 488 816 “Arare’'
518 766 557 814 Et
566 777 629 813 cum
638 761 694 828 ille,
704 761 753 828 qui
764 759 929 828 quaesierat,
937 759 998 812 dix-

153 845 235 898 isset:
263 847 278 874 “
288 843 364 909 Quid
379 841 496 895 fenerari
505 843 533 896 l”
552 848 614 894 turn
629 842 714 894 Cato:
735 840 834 907 “Quid
853 840 998 893 hominem

154 924 281 976 occidere
292 925 320 978 l”
357 923 401 974 Ex
412 939 468 989 quo
481 926 509 974 et
521 922 617 974 multis
632 921 694 974 aliis
705 921 834 990 intellegi
847 921 934 974 debet
945 920 997 973 uti·

154 1004 269 1057 litatum
278 1003 500 1072 comparationes
509 1003 567 1056 fien'
579 1004 666 1056 solere
675 1007 805 1071 recteque
814 1003 870 1054 hoc
883 1001 997 1054 adinno-

153 1090 215 1137 tum
237 1099 296 1137 esse
315 1088 448 1151 quartum
466 1084 702 1152 exquirendomm
723 1083 879 1136 officiorum
900 1099 995 1152 genus.

154 1168 196 1219 90.
218 1165 274 1218 Sed
291 1167 353 1217 toto
373 1165 428 1218 hoc
448 1166 483 1218 de
503 1180 611 1234 genere,
625 1165 661 1217 de
677 1164 843 1233 quaerenda,
857 1164 895 1216 cle
913 1164 996 1216 collo·

154 1247 243 1300 canda
257 1245 385 1316 pecunia,
401 1247 526 1314 [vellem]
543 1245 628 1298 etiam
644 1245 680 1297 de
694 1246 808 1310 utenda,
821 1245 996 1298 commodius

154 1345 171 1381 a
183 1328 355 1396 quibusdam
367 1326 482 1397 optimis
494 1325 562 1379 viris
577 1326 614 1378 ad
629 1327 728 1378 Ianum
740 1325 865 1378 medium
877 1325 996 1380 sedenti·

154 1409 207 1462 bus
220 1425 304 1478 quam
319 1409 355 1461 ab
370 1408 435 1460 ullis
450 1406 628 1476 philosophis
642 1407 701 1459 ulla
715 1406 746 1458 in
760 1407 857 1458 schola
872 1405 995 1476 disputa-

154 1494 207 1543 tur.
245 1489 317 1541 Sunt
331 1493 425 1540 tamen
439 1504 471 1540 ea
486 1487 698 1556 cognoscenda:
717 1486 860 1556 pertinent
873 1487 946 1538 enim
959 1487 995 1558 ati

154 1569 361 1636 utilitatem'de
374 1583 430 1636 qua
444 1568 499 1620 hoe
514 1567 586 1620 libro
602 1565 777 1636 disputatum
790 1571 839 1622 est.
877 1567 995 1646 Reliqua
1100 1617 1101 1626 ,

154 1648 287 1719 deinceps
298 1663 503 1718 persequemur.
