2272 3442
138 133 169 180 28
241 129 279 179 M.
297 129 423 178 TULLII
441 130 631 177 CICERONIS
648 129 738 178 CATO
757 131 887 180 MAJOR.

138 212 275 265 fecerunt:
293 227 382 278 nequo
400 227 444 264 me
462 212 562 264 vixisse
580 212 710 278 poenitat,
729 214 855 280 quoniam
873 214 913 268 ita
931 215 984 271 vixi

138 290 170 340 ut
187 304 240 340 non
252 287 354 340 frustra
365 303 409 339 me
422 291 516 340 natum
528 287 696 351 existimenu
715 299 744 341 et
758 305 792 340 ox
809 289 865 343 vita
881 290 921 343 ita
933 291 984 343 dis-

137 363 205 417 cedo
228 367 367 431 tamquam
391 379 425 416 ex
449 362 575 431 hospitio,
595 378 649 414 non
673 367 812 432 tamquam
837 381 871 418 ex
895 365 984 419 domo.

139 438 329 492 Oonrmorandi
345 439 418 492 enim
429 443 528 492 natura
540 437 727 492 deversorium
746 439 831 506 nobis,
844 457 898 493 non
910 441 984 494 habi-

137 515 214 568 tandi
235 515 321 570 dedit.
358 522 398 569 85.
424 516 446 567 Ο
468 515 639 583 praeclarum
659 514 732 567 diem
754 533 836 584 quum
857 516 893 568 ad
917 517 984 570 illud

137 591 257 650 divinum
284 592 435 645 animorum
464 591 606 645 concilium
636 595 798 658 coctumque
823 591 985 657 proficiscar,

136 684 274 736 quumque
291 685 325 721 ex
337 668 387 721 hac
402 666 485 720 turba
503 670 531 720 et
549 667 697 733 colluvione
710 666 861 722 discedam!
900 667 985 719 Profi-

136 743 221 796 ciscar
233 744 305 797 enim
317 761 371 797 non
384 744 419 796 od
432 760 478 796 cos
493 743 578 794 solum
595 743 666 794 viros
683 741 718 794 dc
731 742 830 809 quibus
842 745 906 796 anto
919 743 985 805 dixi,

136 821 331 874 verumetiam
350 819 386 871 ad
405 819 535 872 Catonem
547 835 645 882 mcum,
659 834 712 885 qno
731 834 810 870 nemo
830 818 871 870 vir
888 819 984 871 melior

136 900 216 948 natus
229 899 278 961 cst,
295 912 374 948 nemo
386 895 490 962 pietate
501 893 691 960 praestantior,
708 893 786 960 cnjus
798 911 814 946 a
825 910 869 947 me
886 910 983 962 corpus

135 975 285 1024 oromatum
302 974 352 1035 ost,
370 971 444 1038 quod
461 974 556 1022 cont-ra
573 969 666 1022 decuit
683 969 718 1022 ab
738 970 784 1021 illo
803 987 908 1035 meum;
926 971 983 1022 ani-

136 1063 196 1099 mus
214 1063 347 1099 veronen
367 1063 411 1099 me
428 1046 564 1110 deserens,
584 1045 633 1098 sed
648 1050 812 1113 respectans,
829 1046 857 1098 in
873 1063 905 1098 ea
921 1062 983 1114 pro-

134 1121 206 1175 fecto
218 1122 277 1175 locs
294 1122 419 1175 discessit
436 1139 491 1190 quo
510 1121 575 1173 mihi
593 1121 644 1188 ipsi
663 1121 791 1174 cernebat
804 1138 863 1174 esse
875 1121 982 1174 venien-

135 1200 208 1252 dum.
245 1199 332 1261 Quem
345 1215 395 1265 ego
407 1215 497 1250 mcum
510 1214 602 1250 casum
618 1196 728 1250 fortiter
743 1197 816 1250 ferre
829 1197 902 1249 visus
914 1214 981 1266 sum,

135 1291 189 1327 non
208 1291 262 1342 quo
283 1291 370 1341 aequo
391 1274 480 1328 ariimo
496 1273 604 1336 ferrem,
623 1271 672 1324 sed
687 1289 732 1325 me
750 1273 808 1340 ipse
825 1272 982 1325 consolabar

135 1350 294 1404 existimans
306 1366 358 1401 non
370 1350 546 1417 longinquum
559 1349 632 1401 inter
643 1365 692 1400 nos
708 1348 860 1415 digressum
878 1351 908 1402 et
927 1349 981 1401 dis-

135 1443 241 1494 cessum
262 1427 327 1480 lore.
363 1433 403 1480 86.
429 1426 481 1478 llis
499 1425 564 1478 mihi
585 1425 675 1488 relius,
698 1424 795 1491 Scipio,
814 1423 844 1476 id
864 1424 935 1476 enim
952 1428 981 1476 te

135 1519 196 1556 curn
218 1503 310 1556 Laelio
329 1502 458 1555 admirari
478 1501 564 1554 solere
583 1500 685 1565 dixisti,
703 1499 770 1550 levis
788 1502 831 1551 cst
848 1503 981 1564 senectus

135 1595 185 1632 nee
199 1579 285 1630 solum
301 1596 354 1630 non
367 1577 481 1629 molesta
493 1576 541 1628 sod
554 1575 637 1628 ctiam
652 1573 781 1641 jucunda.
817 1573 896 1637 Quod
914 1575 936 1626 si
952 1576 980 1627 in

135 1653 186 1707 hoc
204 1671 265 1706 erro
286 1652 361 1721 quod
380 1654 482 1703 animos
500 1650 638 1704 hominum
657 1650 827 1720 immortales
845 1666 904 1702 csso
924 1666 980 1702 cro-

136 1729 206 1793 dam,
219 1729 346 1781 lubenter
358 1743 435 1790 err0;
452 1743 502 1778 nec
519 1726 586 1778 mihi
603 1725 675 1778 hunc
693 1741 813 1778 errorem
826 1741 880 1792 quo
893 1724 980 1778 dolec-

135 1807 180 1858 tor
192 1804 257 1856 dnm
269 1803 330 1855 vivo
342 1802 499 1869 extorqueri
512 1802 579 1854 volo.
615 1801 663 1854 Sin
675 1804 804 1865 mortuus,
822 1804 853 1852 ut
870 1800 980 1868 quidam

135 1880 233 1932 minuti
244 1878 396 1947 philosophi
411 1881 528 1940 consent,
545 1878 611 1929 nihil
627 1877 749 1938 sentiam,
769 1893 823 1929 non
836 1892 932 1929 vereor
946 1893 981 1929 no

135 1956 205 2008 hunc
217 1970 336 2016 errorem
349 1970 439 2006 meum
452 1951 553 2004 mortui
564 1951 715 2020 philosophi
727 1951 866 2005 irrideant.
902 1951 980 2016 Quod

135 2033 158 2084 si
170 2049 223 2084 non
236 2047 328 2084 sumus
340 2029 506 2082 immortales
522 2029 615 2094 futuri,
634 2032 726 2081 tamen
743 2028 867 2095 extingui
879 2027 980 2080 homini

135 2124 183 2160 suo
195 2111 318 2174 tempore
336 2104 456 2171 optabile
470 2108 520 2158 est.
557 2105 582 2156 N
585 2121 628 2156 am
647 2103 730 2156 habet
749 2107 848 2156 natura
867 2108 899 2157 ut
918 2104 981 2157 alia-

135 2197 196 2236 rum
224 2182 342 2236 omnium
373 2197 463 2233 rernm
487 2182 524 2233 sic
547 2180 655 2233 vivendi
679 2179 796 2233 modum.
850 2179 981 2233 Senectus

134 2264 226 2315 autom
251 2259 350 2312 notatis
374 2261 417 2312 est
439 2257 560 2325 peractio
588 2261 728 2323 tamquam
757 2255 872 2323 fabulae,
902 2253 981 2322 cujus

135 2336 357 2404 defatigationem
381 2335 477 2402 sugero
500 2333 640 2398 debemus,
664 2331 826 2400 pracsertim
850 2331 980 2397 adjuncta

135 2415 268 2468 satietate.
307 2413 383 2466 Haec
401 2410 484 2464 habui
501 2409 536 2461 de
558 2411 698 2460 senectute
713 2421 782 2474 qnae
801 2405 927 2470 dicerem,
944 2408 980 2459 ad

135 2493 216 2556 ‘quam
228 2489 330 2542 utinam
344 2486 514 2554 perveniatis,
526 2487 558 2536 ut
570 2498 602 2536 ea
618 2497 688 2550 qnae
703 2496 737 2532 cx
754 2494 798 2531 mo
816 2478 931 2532 audistis
948 2495 979 2534 rc

136 2563 242 2633 experti
254 2562 369 2632 probaro
380 2561 496 2630 possitis.
