2256 3448
239 159 309 208 mu,
326 159 389 220 111,
403 157 481 209 GAP.
499 157 732 221 xxia-xxva,
747 157 761 218 ἓ
775 161 864 210 92-98.
927 161 973 209 181

133 243 192 296 lum
212 241 315 294 inferat
333 240 449 310 patriae,
462 243 601 294 reddasne
620 242 795 311 depositum?
831 243 905 311 Non,
919 259 974 318 ere·

133 325 186 377 do:
206 322 293 376 facias
306 321 380 375 enim
393 324 490 374 contra
502 338 561 375 rem
573 322 725 391 publicam,
736 339 807 390 quae
820 323 904 375 debet
917 339 974 376 esse

132 403 282 457 carissima.
322 403 367 455 Sic
386 403 458 454 mult
447 407 483 470 ta,
499 418 571 469 quae
589 403 706 456 honesta
725 407 825 455 natura
842 402 941 456 vident
930 409 975 456 tur

132 499 197 554 esse,
207 483 380 552 temporibus
392 482 464 534 fiunt
478 499 535 534 non
550 483 675 536 honesta.
712 483 815 536 Facere
830 484 973 554 promissa,

131 571 204 620 stare
218 563 371 631 conventis,
386 563 502 616 reddere
519 563 647 632 deposita
663 567 786 615 commut
788 567 834 616 ata
849 569 881 616 ut
870 564 972 618 tilitate

130 646 202 698 fiunt
215 661 273 698 non
287 645 412 697 honesta.
450 643 493 696 Ae
512 643 585 696 de''
566 659 601 695 ns
617 642 740 711 quidem,
754 659 825 711 quae
841 643 974 698 videntur

131 743 190 780 esse
202 727 308 780 utilitat
280 743 339 778 acs
351 730 416 778 cont
418 741 449 778 ra
461 724 599 778 iustitiam
611 724 789 778 simulatione
798 725 971 800 prudentiae,

131 807 197 860 satis
211 806 286 860 arbit
274 811 331 860 tror
340 806 460 860 dictum.

166 890 208 942 96.
229 887 284 940 Sed
309 885 443 954 quoniam
469 901 487 938 a
508 887 641 954 quattuor
666 883 793 936 sontibus
819 885 975 942 honestatis

130 967 220 1036 primo
251 967 324 1019 libro
351 965 442 1019 officia
470 965 609 1033 duximuS,
637 963 668 1016 in
694 963 799 1018 eisdem
825 981 972 1036 versemur,

130 1063 194 1100 eum
213 1046 377 1100 docebimus
395 1063 435 1113 ea,
451 1061 522 1114 quae
540 1045 689 1116 videantur
706 1061 764 1098 csse
783 1045 865 1098 utilia
882 1063 973 1116 neque

130 1127 194 1196 sint,
215 1143 300 1194 quam
320 1127 380 1180 'sint
399 1126 512 1180 'virtutis
536 1125 657 1178 inimica.
702 1125 745 1178 Ae
766 1126 803 1179 de
823 1127 974 1195 prudentia

130 1209 253 1278 quidem,
267 1225 351 1276 quam
366 1209 430 1260 vult
447 1206 551 1260 imitari
569 1207 683 1276 malitia,
699 1207 823 1276 itemque
842 1209 878 1260 de
895 1209 973 1262 iusti·
1023 1267 1024 1273 ¹

129 1286 177 1356 tia,
191 1304 263 1357 quae
278 1289 387 1356 sempei
405 1291 446 1340 est
460 1287 546 1354 utilis,
561 1287 735 1357 disputatum
750 1293 798 1342 est.
838 1287 972 1356 Reliquae

129 1373 194 1421 sunt
213 1370 286 1421 duae
303 1373 397 1437 partes
415 1367 577 1436 honestatis,
594 1383 711 1436 quarum
732 1369 818 1420 altera
836 1367 867 1418 in
886 1367 972 1420 animi

128 1448 291 1514 excellentis
315 1448 511 1518 magnitudine
536 1452 565 1501 et
585 1445 756 1516 praestantia
781 1447 910 1514 cernitur,
935 1450 972 1500 al-

128 1533 187 1582 tera
211 1529 242 1580 in
268 1528 487 1582 conformatione
513 1532 541 1580 ct
564 1529 691 1582 moderat
693 1528 756 1581 ione
782 1528 970 1582 continentiae

128 1608 381 1676 attemperantiae

163 1689 269 1742 XXVI.
308 1691 350 1742 97.
364 1687 441 1741 Utrle
450 1687 600 1742 videbatur
609 1688 695 1756 Ulrxr
704 1693 736 1742 ut
746 1689 859 1758 quidem
872 1693 971 1759 poetae

129 1768 232 1836 tragici
251 1767 475 1837 prodiderunt-
442 1785 548 1820 -narn
568 1769 645 1837 apud
660 1770 814 1822 Homerum
832 1775 882 1840 opt
883 1770 971 1822 imum

128 1855 268 1902 auctorem
286 1849 350 1901 talis
369 1849 404 1901 de
419 1849 503 1902 Ulixe
520 1851 599 1902 nulla
617 1849 739 1919 suspicio
758 1851 911 1904 est-sed'
903 1851 969 1903 rusi·

89 1923 94 1932 '
127 1929 236 1980 inulant
251 1943 315 1980 eum
329 1928 490 1998 tragoediae
508 1929 684 1982 simulatione
698 1918 823 1984 insaniae
839 1930 973 1984 militiam

127 2007 316 2076 subterfugere
325 2009 453 2062 voluisse.
491 2010 714 2063 Nonlronestum
727 2010 883 2064 consilium.
911 2011 971 2063 “At

127 2089 224 2157 utile,”
238 2095 270 2141 ut
284 2089 386 2156 aliquis
400 2089 517 2142 fortasse
533 2090 644 2158 dixerit,
660 2093 799 2159 “regnare
816 2094 844 2142 et
858 2091 971 2144 Ithacae
1030 2156 1034 2164 ι

127 2167 221 2222 vivere
242 2169 330 2222 otiose
351 2185 415 2222 cum
434 2163 606 2238 parentibus,
622 2185 686 2222 eum
706 2186 799 2238 uxore,
818 2185 883 2223 eum
902 2171 969 2225 filio.

127 2249 225 2303 Ullum
244 2253 277 2302 tu
299 2251 385 2302 decus
404 2249 435 2302 in
457 2250 609 2303 cotidianis
629 2250 772 2303 laboribus
792 2254 822 2303 et
839 2251 971 2320 periculis
1034 2315 1037 2320 ἱ

127 2345 191 2383 cum
216 2330 269 2383 hac
293 2331 498 2398 tranquillitate
526 2330 726 2384 eonferendum
748 2333 868 2400 putasl'’
907 2333 970 2401 Ego

126 2427 192 2464 vcro
212 2411 295 2463 istam
317 2411 549 2463 contemnendam
573 2419 601 2463 et
623 2410 818 2479 abiiciendam,
838 2411 970 2480 quoniam

127 2507 198 2559 quae
212 2491 330 2543 honesta
345 2507 401 2543 uon
417 2490 502 2544 sitne
517 2490 616 2552 utilem
631 2491 746 2558 quidem
764 2507 823 2544 esse
842 2492 968 2548 arbitror.

128 2574 169 2626 98.
187 2572 264 2636 Quid
284 2571 358 2632 enim
377 2571 540 2624 auditurum
557 2575 640 2639 putas
658 2571 742 2625 fuisse
760 2572 880 2642 Ulixem,
897 2574 921 2626 si
940 2575 970 2627 in

126 2650 176 2703 illa
197 2651 376 2703 simulatione
396 2651 646 2719 perseveravisseti
672 2653 729 2719 qui,
749 2669 812 2706 eum
833 2655 970 2710 maximas

127 2746 169 2784 res
182 2729 301 2800 gesserit
313 2730 343 2782 iu
356 2731 439 2798 bello,
451 2736 545 2783 tamen
559 2731 627 2784 haec
643 2732 741 2785 audiat
753 2735 789 2786 ab
800 2735 899 2790 Aiace:

268 2833 348 2878 Ouius
358 2833 413 2890 ipse
423 2833 541 2891 princeps
552 2834 615 2879 luris
625 2835 725 2880 iurandi
736 2835 793 2894 suit,

268 2899 343 2954 Quod
353 2912 441 2945 omncs
454 2901 533 2958 scitis,
543 2902 613 2946 solus
624 2902 738 2960 neglexit
748 2904 831 2950 fidem.

267 2967 362 3013 Furere
372 2968 541 3026 adsimulavit,
551 2980 584 3013 ne
595 2969 683 3026 coiret,
694 2969 798 3016 institit.

267 3034 343 3090 Quod
353 3036 380 3080 ni
391 3035 517 3081 Palamedi
528 3036 661 3092 perspicax
671 3037 808 3093 prudentia
853 3041 860 3056 '

266 3100 346 3147 Istius
355 3102 489 3159 percepset
499 3101 654 3147 malitiosam
664 3104 798 3150 astutiam:

251 3168 329 3279 l{ide
340 3169 451 3214 sacratae
461 3169 500 3214 ius
511 3169 636 3226 perpetuo
647 3169 752 3215 falleret..

268 3247 283 3280 a
