2256 3448
145 124 193 171 174
454 121 504 170 Du
523 120 678 170 OFFICIIS

145 207 248 274 “quod
269 205 338 258 utile
363 194 406 272 sit,
427 205 503 274 quod
525 205 692 274 1111111111Ἰ
729 206 819 258 Immo
841 205 988 276 intellegat

144 287 216 338 nihil
231 303 282 339 nec
300 286 433 355 expedire
453 301 505 338 nec
524 286 593 338 utile
614 303 672 338 esse
691 286 769 353 quod
787 285 825 338 sit
842 285 987 340 iniustum.

145 368 208 418 Hoc
221 367 270 434 qui
282 383 339 436 non
352 366 493 432 didicerit,
505 367 595 418 bonus
608 366 651 418 vir
663 382 721 418 esse
732 382 790 418 non
803 366 914 434 poterit.
945 368 987 420 il.

145 447 300 500 Fimbriam
316 448 489 500 consularem
504 447 653 500 audiebam
667 448 702 500 de
715 451 793 516 patre
809 451 904 499 nostro
919 460 990 516 puer

144 527 269 579 iudicem
293 528 331 580 M.
347 527 462 580 Lutatio
484 527 616 580 Pinthiae
636 526 729 594 fuisse,
749 525 838 594 equiti
861 527 989 580 Romano

145 623 211 660 saue
224 608 350 675 honesto,
360 624 425 660 cum
437 607 461 659 is
473 607 652 676 sponsionem
661 606 773 659 fecisset
784 621 817 659 nr
829 621 882 659 vrn
893 622 990 660 nonus

145 702 240 741 nssnr.
277 688 377 756 Itaque
391 687 416 739 ei
427 687 531 739 dixisse
541 686 696 738 Fimbriam
708 702 738 738 sc
749 686 828 739 illam
840 703 897 738 rom
909 702 989 738 num-

146 785 231 836 quam
251 769 451 836 iudicaturum,
467 785 502 820 ne
524 771 572 820 aut
593 767 726 836 spoliaret
744 765 820 819 fama
838 767 990 835 probatum

146 849 296 916 hominem,
306 848 331 900 si
343 854 441 901 contra
453 847 642 915 indicavisset,
651 851 700 900 aut
710 846 838 898 statuisse
848 846 991 900 videretur

146 929 237 980 virum
252 929 358 980 bonum
376 944 435 980 esse
453 927 584 994 aliquem,
597 943 662 979 cnm
677 943 709 979 ea
724 943 767 978 res
781 926 990 978 innumerabili-

145 1009 198 1060 bus
210 1007 310 1060 officiis
325 1005 354 1060 e't
366 1008 498 1060 laudibus
511 1007 708 1061 contineretur.
746 1007 820 1059 Huic
831 1006 919 1075 igitur
928 1007 990 1058 viro

147 1090 229 1156 bone,
243 1104 325 1158 quern
341 1085 466 1154 Fimbria
486 1086 578 1154 etiam,
591 1104 649 1140 non
663 1087 750 1140 modo
766 1087 891 1140 Socrates
906 1103 991 1139 nove-

147 1175 197 1237 rat,
216 1169 294 1220 nullo
319 1168 404 1220 modo
427 1167 520 1220 videri
541 1172 636 1237 potest
657 1167 813 1236 quidquam
837 1183 895 1220 esse
919 1167 990 1220 utile

147 1250 225 1316 quod
243 1265 300 1301 non
318 1250 468 1302 honestum
486 1248 530 1302 sit.
568 1249 667 1315 Itaque
686 1247 750 1300 talis
766 1247 810 1299 vir
828 1264 885 1300 non
903 1249 993 1312 modo

146 1330 243 1398 facere,
265 1330 314 1382 sed
338 1347 373 1382 ne
399 1329 524 1399 cogitare
549 1327 664 1396 quidem
688 1326 846 1396 quidquam
873 1319 992 1387 audebit

147 1412 225 1479 quod
237 1427 294 1463 non
306 1411 409 1463 audeat
420 1409 589 1479 praedicare.
627 1410 705 1460 Haec
717 1425 774 1460 non
786 1413 868 1477 turpe
883 1413 925 1460 est
939 1409 991 1461 du-

148 1492 237 1545 bitare
251 1491 444 1560 philosophos,
455 1507 527 1558 qnae
543 1507 579 1542 ne
593 1489 692 1542 rustici
705 1489 821 1556 quidem
837 1489 991 1544 dubitentl

148 1589 164 1625 a
178 1573 280 1640 quibus
298 1577 396 1624 natum
411 1576 454 1624 cst
468 1571 508 1638 id,
522 1571 599 1640 quod
613 1569 670 1622 iam
685 1569 837 1622 contritum
855 1575 897 1622 est
910 1577 990 1623 vetn-

147 1658 219 1705 state
236 1653 423 1721 proverbinm.
461 1653 532 1704 (ium
551 1650 625 1702 enim
641 1651 727 1702 iidem
746 1649 862 1703 alicuius
880 1650 992 1703 bonita-

147 1738 259 1800 temque
278 1734 402 1798 laudant,
419 1733 563 1801 “dignum
585 1733 666 1784 esse”
685 1731 784 1783 dicunt
801 1728 816 1760 ’“
825 1730 939 1798 quicum
959 1731 991 1784 111

147 1811 269 1864 tenebris
284 1813 395 1864 mices.’'
433 1813 496 1864 Hoc
507 1828 593 1879 quam
607 1811 693 1863 habet
707 1811 765 1862 vim
781 1810 836 1862 nisi
850 1811 936 1879 illam,
949 1812 991 1864 ni·

147 1891 189 1942 hil
202 1881 334 1959 expedire
348 1893 424 1960 quod
437 1908 494 1944 non
507 1893 614 1958 deceat,
625 1891 710 1944 etiam
725 1891 749 1944 si
762 1890 795 1944 id
806 1891 896 1960 possis
910 1893 990 1944 nullo

147 1969 289 2037 refellente
312 1972 455 2024 obtinerel
493 1974 534 2024 78.
551 1972 674 2026 Videsne
695 1971 750 2024 hoc
771 1971 919 2040 proverbio
943 1989 991 2024 ne-

148 2068 202 2121 que
222 2052 297 2122 Gygi
319 2052 362 2105 illi
382 2068 464 2121 posse
484 2051 596 2104 veniam
619 2052 681 2106 dari
701 2067 797 2120 neque
812 2052 887 2120 huie,
906 2069 991 2120 quem

147 2133 244 2201 paullo
264 2137 328 2186 ante
348 2133 488 2202 fingebam
508 2133 663 2202 digitorum
682 2132 860 2200 percussione
880 2133 990 2185 heredi-

148 2219 219 2266 tates
232 2213 357 2266 omnium
369 2229 450 2282 posse
463 2215 642 2267 convenerat
679 2213 718 2265 Ut
730 2212 812 2278 enim,
821 2213 899 2280 quod
908 2219 991 2282 turpe

148 2294 247 2362 estid,
258 2294 386 2362 quamvis
399 2294 563 2361 occultetur,
573 2299 667 2345 tamen
679 2293 828 2345 honestum
839 2291 899 2344 fieri
911 2295 991 2346 nullo

147 2375 233 2428 modo
252 2379 354 2443 potest,
368 2374 415 2440 sic,
430 2375 509 2446 quod
523 2374 671 2425 honestum
689 2389 747 2424 non
765 2376 814 2440 est,
827 2371 859 2424 id
873 2372 944 2424 utile
958 2381 991 2425 ut

148 2454 186 2506 sit
200 2454 272 2507 effici
286 2471 343 2508 non
359 2460 451 2524 potest
466 2455 629 2507 adversante
647 2458 676 2506 11
690 2458 866 2522 repugnante
880 2460 989 2508 natura.

148 2535 211 2588 XX.
249 2536 344 2589 ’111111
363 2535 445 2601 enim,
461 2551 525 2586 cum
543 2550 696 2604 permagna
713 2533 839 2602 praemia
858 2537 932 2598 sunt,
949 2541 991 2586 est

149 2629 232 2666 eausa
256 2615 401 2684 peccandi.
439 2615 469 2668 C.
488 2615 593 2678 Marius
619 2630 683 2666 eum
709 2629 726 2666 a
752 2629 801 2682 spe
828 2614 991 2666 consulatus

149 2695 232 2762 longe
254 2695 362 2747 abesset
381 2699 410 2747 et
427 2695 484 2746 iam
505 2693 655 2763 septimum
676 2709 780 2746 annum
797 2697 863 2762 post
880 2700 991 2762 praetu-

149 2789 208 2824 ram
227 2772 329 2826 iaceret
344 2790 435 2840 neque
449 2773 588 2842 petiturus
606 2789 739 2841 umquam
758 2773 934 2825 consulatum
949 2773 990 2824 vi·

150 2855 268 2920 deretur,
283 2854 315 2919 Q.
328 2855 481 2920 Metellum,
495 2855 575 2906 cuius
590 2855 699 2923 legatus
714 2858 780 2921 erat,
794 2869 934 2906 summum
949 2855 990 2905 ri-

149 2953 210 2988 rum
223 2941 251 2988 et
264 2936 361 3001 civem,
371 2952 434 2988 cum
450 2937 485 2987 ab
499 2953 539 3005 eo,
549 2937 715 3005 imperatore
726 2952 785 3004 suo,
794 2937 913 2988 Romam
926 2936 990 2990 mis-

150 3032 196 3067 sus
217 3020 297 3083 esset,
317 3016 394 3084 apud
415 3017 552 3082 populum
574 3017 731 3070 Romanum
756 3015 918 3069 criminatus
939 3021 989 3083 est,

151 3097 166 3122 “
175 3095 280 3148 bellum
293 3095 373 3148 illum
386 3093 502 3146 ducere:
521 3095 545 3148 si
560 3111 589 3148 se
604 3097 747 3148 consulem
760 3095 899 3166 iecissent,
910 3096 990 3150 brevi
