2272 3442
16 9 25 56 t
46 1 106 58 'ina
130 19 140 54 t

241 4 273 56 lh
297 35 307 52 e
340 32 382 60 ’νυ
420 23 435 46 ‘
473 18 570 72 '‘vlllt
598 7 689 71 ΘΜ

162 125 192 172 58
388 120 426 166 M.
444 117 569 166 TULLII
583 117 782 171 ¹CICERONIS

162 200 333 269 vicissimque
354 199 450 266 accipit
471 197 538 251 illud
563 199 637 266 quod
660 199 689 251 in
713 198 799 251 altero
824 202 874 266 est,
899 216 933 252 ex
957 217 1012 268 quo

161 277 315 328 exardescit
336 275 392 327 sive
414 291 490 326 amor
514 274 569 326 sive
594 272 914 348 amieitm.{ldljnrmque
938 277 1012 329 enim

162 349 367 419 diet—umnestab
379 350 494 404 aeliando
506 371 512 415 ;
524 367 617 402 aurare
628 355 720 402 autem
733 350 800 402 nihil
813 351 888 408 aliud
902 354 944 404 est
959 369 1011 404 nisu

160 443 225 478 curri
237 428 325 494 ipsum
341 419 456 494 diligere
473 443 555 494 quem
575 443 656 490 ames,
674 426 748 478 nulla
764 425 922 492 indigentia,
937 427 1012 480 nulla

161 502 282 555 utilitate
294 503 424 570 quaesita
436 519 506 570 quae
525 506 616 556 tamen
633 503 692 570 ipsa
710 502 853 555 efflorescit
869 519 903 555 ex
921 503 1011 556 amiei-

163 577 211 643 tla,
223 577 305 630 etiam
320 577 388 631 situ
407 595 467 631 eam
480 578 568 631 minus
581 582 713 646 sequutus
732 579 774 632 sis.
814 584 869 632 101.
889 578 949 630 Hae
962 595 1011 632 nos

162 652 347 708 adolescentes
370 653 560 708 benevolentia
583 671 663 708 senes
681 653 741 706 illos
763 653 793 708 L.
814 653 946 721 Paullum,
970 655 1009 710 Μ.

163 729 302 798 Catonem,
313 731 342 785 Ο.
352 731 467 796 Gallum,
479 730 507 783 P.
518 729 653 797 Nasicam,
663 731 701 782 Ti.
711 730 870 793 Gracchum,
880 731 1012 798 Scipionis

161 805 247 858 nostri
271 823 400 872 socerum,
414 805 564 858 dileximus
601 806 678 858 Haec
705 807 787 860 etiam
811 807 897 872 magis
922 805 1010 859 elucet

161 882 233 934 iuter
250 882 376 948 aequales
394 885 426 934 ut
443 881 516 934 iuter
538 897 583 934 me
606 885 635 934 et
654 881 812 949 Scipionem,
837 881 866 934 L.
892 881 1010 949 Furium

165 957 191 1010 P.
207 957 351 1024 Rupilium,
369 957 414 1024 Sp.
430 957 599 1009 Mummium.
636 957 762 1010 Vicissim
781 961 873 1011 autem
890 957 1011 1010 senecia
1076 957 1078 963 '

161 1032 374 1086 adolescentium
391 1033 506 1086 caritate
529 1033 731 1100 acquiescimus,
751 1038 782 1086 ut
805 1033 833 1085 in
856 1037 954 1100 vestra,
979 1037 1011 1086 ut

161 1107 188 1156 in
202 1105 234 1168 o.
247 1105 413 1160 Tuberonis:
427 1107 554 1174 equidem
570 1108 653 1160 etiam
668 1108 815 1161 admodum
831 1109 1010 1162 adolescentis

163 1182 191 1234 P.
205 1181 309 1250 Rutilii,
323 1185 357 1236 A.
371 1183 488 1250 Virginii
505 1184 690 1242 familiaritate
707 1185 834 1245 delecter.
867 1185 1011 1249 Quoniam-

161 1274 215 1324 que
226 1257 266 1312 ita
277 1259 346 1312 ratio
359 1264 514 1326 comparata
526 1264 569 1312 est
582 1260 654 1314 vitae
671 1264 841 1328 naturaeque
855 1265 964 1316 nestrae
978 1263 1010 1312 ut

161 1334 213 1386 alia
224 1337 300 1406 aetas
312 1335 416 1388 oriatur
423 1335 468 1403 [ex
481 1335 551 1403 alia],
559 1336 677 1388 mammo
687 1336 796 1402 quidem
806 1336 956 1404 optandum
966 1339 1011 1389 est

161 1413 193 1462 ut
201 1427 262 1466 eum
273 1411 432 1480 aequalibus
444 1411 536 1478 possis,
550 1411 709 1478 quibuscum
723 1415 888 1480 tamquamo
907 1428 1010 1464 carcor-

161 1485 222 1538 ibus
245 1489 358 1540 emissus
382 1488 425 1552 sis,
451 1503 511 1538 eum
533 1487 629 1540 iisdem
653 1487 689 1540 ad
705 1487 812 1554 calcem,
841 1491 873 1540 ut
901 1487 1010 1555 dieitur,

160 1562 309 1629 pervenire.
347 1569 402 1615 102.
428 1561 482 1614 Sed
511 1561 636 1628 queniam
664 1579 708 1614 res
735 1563 869 1616 humanae
898 1563 1010 1630 fragiles

161 1637 333 1704 caducaeque
351 1641 422 1702 suerit,
435 1653 542 1703 seraper
563 1637 646 1702 aliqui
664 1638 828 1705 anquirendi
853 1643 917 1691 sunt
941 1655 1010 1706 ques

71 1729 87 1746 ¹·
124 1712 303 1794 &diligamus
316 1716 373 1766 eta
385 1711 483 1779 quibus
496 1711 657 1778 diligamur:
678 1714 792 1767 caritate
808 1715 879 1768 enim
895 1715 1010 1768 benevo-

140 1795 144 1814 ¹
161 1789 299 1855 lentiaque
319 1787 425 1840 sublata
441 1787 534 1842 omnis
551 1793 593 1840 est
612 1805 627 1840 e
644 1789 701 1842 vita
717 1789 826 1844 sublata
842 1790 1009 1858 jucunditas.

162 1862 229 1914 Mihi
242 1863 351 1928 quidem
364 1862 460 1929 Scipio,
473 1879 637 1930 quamquam
650 1868 693 1916 est
706 1864 796 1918 subito
809 1871 929 1934 ereptus,
942 1868 1009 1920 vivit
1075 1880 1077 1884 '

160 1941 251 1989 tamen
264 1953 425 2004 semperque
437 1937 527 2000 vivet;
541 1937 671 1990 virtutem
684 1939 755 1990 enim
767 1943 855 1993 amavi
868 1942 939 1995 illius
958 1943 1008 1994 viri

161 2028 231 2080 quae
252 2013 386 2066 exstincta
405 2029 458 2065 non
478 2016 528 2065 est.
563 2012 622 2065 Nee
641 2013 707 2064 mihi
729 2014 778 2066 seli
798 2025 924 2070 versatur
945 2023 1009 2071 aute

160 2088 258 2155 oculos,
277 2089 324 2157 qui
342 2089 415 2142 illam
434 2105 541 2156 semper
558 2088 586 2140 in
604 2087 729 2140 manibus
747 2088 837 2156 habui,
857 2093 906 2144 sed
926 2095 1008 2147 etiam

160 2165 275 2232 posteris
300 2166 352 2218 erit
371 2166 443 2219 clara
461 2165 632 2232 et·iusignis.
664 2165 752 2218 Nemo
776 2182 894 2234 unquam
919 2171 1009 2222 animo

160 2243 208 2294 aut
224 2257 273 2310 spe
293 2241 396 2310 majora
413 2243 542 2310 suscipiet
557 2241 604 2308 qui
619 2241 670 2294 sibi
688 2257 742 2294 non
760 2241 832 2295 illius
849 2245 1008 2298 memoriam

160 2321 247 2386 atque
258 2319 403 2386 imaginem
416 2318 618 2387 proponendam
629 2321 715 2386 putet.
753 2323 809 2372 103.
823 2319 958 2387 liquidem
973 2339 1008 2374 ex

160 2393 283 2456 omnibus
294 2395 376 2448 rebus
388 2394 534 2462 quaemihi
547 2397 595 2446 aut
607 2393 718 2447 fortuna
728 2398 777 2446 aut
791 2398 889 2448 natura
903 2396 1008 2460 tribuit,

160 2469 324 2524 nihilhabeo
337 2471 484 2539 quodcum
499 2469 619 2522 amicitia
636 2469 767 2538 Scipionis
784 2471 884 2538 possim
903 2488 1008 2539 compa-

160 2561 228 2598 rare.
264 2546 297 2597 In
320 2547 370 2598 hae
393 2546 459 2598 mihi
483 2545 518 2597 de
541 2562 571 2596 re
595 2543 704 2613 publica
727 2561 878 2612 censensus,
902 2548 929 2600 in
958 2548 1008 2601 hac

160 2636 251 2672 rerum
263 2621 429 2688 privatarum
441 2621 591 2686 eonsilium,
601 2621 629 2672 in
642 2621 738 2674 eadem
749 2623 860 2689 requies
872 2623 951 2691 plena
963 2623 1008 2676 ob

160 2695 313 2748 lectatienis
329 2695 389 2749 fuit.
416 2696 563 2764 Nunquam
579 2695 655 2748 illum
670 2713 705 2749 ne
721 2697 833 2751 minima
849 2699 959 2765 quidem
977 2717 1008 2754 re

160 2770 260 2822 offendi
276 2771 350 2838 quod
368 2773 478 2839 quidem
502 2771 649 2836 senserim3
669 2771 736 2823 nihil
753 2771 846 2825 audivi
858 2791 892 2826 ex
905 2791 937 2827 eo
949 2775 1008 2843 ipse

159 2845 234 2913 quod
245 2841 351 2898 nollem.
386 2848 448 2902 Una
465 2847 562 2901 domus
580 2851 647 2916 erat,
659 2847 738 2900 idem
750 2846 838 2901 rietus
849 2850 927 2918 isque
937 2867 1006 2904 eem-

159 2922 265 2987 munis3
286 2937 374 2990 neque
396 2925 492 2984 militia
511 2924 598 2976 solum
617 2922 761 2978 sedetiam
776 2927 1008 2993 peregrinationes

159 2999 405 3067 rusticationesque
429 3014 591 3050 communes.
629 3002 685 3050 104.
709 2998 780 3052 Nam
805 3002 872 3068 quid
897 3018 948 3070 ego
972 3001 1007 3056 de

159 3075 257 3127 studiis
270 3074 357 3126 dicam
367 3073 545 3141 cognoscendi
555 3074 662 3139 semper
671 3073 773 3140 aliquid
783 3079 866 3144 atque
876 3077 1006 3145 discendi,

159 3148 188 3200 in
200 3150 299 3220 quibus
310 3151 408 3204 remoti
420 3145 456 3204 ab
468 3149 552 3202 oculis
564 3149 655 3217 pepuli
672 3163 750 3202 omne
764 3152 881 3206 otiosum
899 3158 1007 3221 tempus
1088 3222 1091 3235 Ι
1117 3180 1118 3195 ι

621 3319 623 3326 ι
635 3289 664 3333 'fr'
