2256 3448
130 159 177 206 136
439 157 489 205 Du
507 155 659 206 OFFICIIS

128 245 222 309 potest
243 241 349 312 modus
365 255 431 308 esse,
449 256 513 292 cum
534 243 562 292 et
582 239 659 292 idem
681 238 731 307 qui
753 243 924 293 consuerunt
944 243 977 294 et

128 321 205 373 idern
221 320 295 372 illud
313 319 362 373 alii
380 319 557 374 desideranti
592 319 669 374 XVI.
689 319 811 372 Omnino
830 320 890 372 duo
909 325 975 374 sunt

128 417 230 470 genera
246 402 395 470 largorum,
409 416 529 468 quorum
547 399 628 452 alteri
642 399 764 469 prodigi,
778 400 860 453 alteri
874 401 974 455 libera-

128 482 183 534 les:
202 481 324 550 prodigi,
338 481 388 550 qui
402 481 494 550 epulis
507 483 536 533 ct
547 479 780 533 viscerationibus
792 485 822 534 et
833 481 974 550 gladiato·

128 577 190 614 mm
201 563 371 630 muneribus,
381 562 513 614 ludorum
525 560 763 629 venationumque
775 565 914 630 apparatu
926 578 974 632 pe·

128 641 225 696 eunias
242 641 418 712 profundunt
432 641 463 693 in
481 656 528 694 eas
545 657 597 708 res,
610 656 728 708 quarum
743 642 908 694 memoriam
924 647 974 696 aut
1063 695 1067 702 ,
1114 627 1115 678 Ῑ

128 722 241 776 brevem
255 727 305 775 aut
316 723 423 776 nullam
438 721 552 774 omnino
567 721 624 774 sint
635 721 768 790 relicturi,
781 723 824 776 56.
843 721 974 775 liberales

128 808 230 872 autem,
243 803 293 871 qui
307 803 364 858 suis
377 801 559 854 facultatibus
573 805 622 854 aut
637 805 735 872 captos
749 819 765 854 a
779 802 973 871 praedonibus

127 884 269 936 redimunt
281 887 331 935 aut
345 899 391 935 aes
406 882 528 934 alienum
542 881 699 952 suscipiunt
713 881 868 944 amicorum
880 882 973 936 autin
1028 917 1035 937 ,-

127 963 248 1014 filiarum
265 961 450 1014 collocatione
468 962 606 1016 adiuvant
624 965 673 1016 aut
691 961 868 1031 opitulantur
881 963 927 1016 vel
940 961 972 1014 in

127 1057 156 1094 rs
169 1041 328 1110 quaerenda
340 1042 386 1093 vel
398 1043 537 1110 augenda.
565 1043 664 1110 Itaque
676 1042 762 1095 miror
774 1041 885 1110 quidin
896 1058 973 1094 men-

127 1125 184 1174 tem
199 1120 306 1174 venerit
320 1121 514 1191 Theophrasto
529 1121 559 1174 in
574 1139 607 1175 eo
626 1121 707 1190 libro,
720 1138 804 1190 quem
820 1123 880 1174 “de
900 1122 972 1175 divi-

127 1200 195 1254 tiis²’
213 1201 339 1270 scripsit:
357 1202 388 1256 in
404 1218 460 1271 quo
478 1204 567 1255 multe
584 1203 733 1272 praeclare,
747 1201 822 1254 illud
840 1203 970 1256 absurde.-

127 1283 178 1336 Est
190 1283 266 1337 enim
276 1285 383 1338 multus
394 1283 425 1336 in
436 1285 580 1337 laudanda
592 1282 802 1353 magnificentia
814 1287 844 1336 et
855 1299 972 1352 appara·

127 1363 204 1418 tione
222 1365 400 1434 popularium
417 1357 564 1417 munerum
581 1364 736 1432 taliumque
754 1367 917 1432 sumptuum
931 1364 971 1416 fa·

128 1445 262 1498 cultatem
278 1443 582 1499 fruetum'divitiarum
596 1448 686 1513 putat.
722 1443 796 1496 Mihi
813 1448 908 1496 autem
921 1443 971 1496 ille

127 1523 234 1578 fructus
246 1524 429 1592 liberalitatis,
442 1523 522 1578 cuius
533 1539 623 1593 pauca
635 1521 764 1592 exempla
775 1523 867 1592 posui,
878 1525 971 1576 multo

127 1607 157 1657 et
170 1605 259 1658 maior
273 1605 386 1658 videtur
403 1608 432 1657 et
446 1603 555 1657 certior.
594 1605 707 1670 Quanto
721 1603 890 1656 Aristoteles
907 1619 970 1673 gra-

25 1743 32 1752 ,
89 1684 190 1738 ¹vius
210 1690 238 1739 et
253 1685 346 1740 verius
364 1701 416 1738 nos
434 1673 630 1754 reprehenditl
650 1685 699 1753 qui
716 1685 768 1738 has
785 1684 971 1753 pecuniarum
1042 1716 1046 1725 ι
1114 1667 1115 1674 ¹

127 1765 274 1818 effusiones
295 1783 353 1819 non
375 1766 553 1832 admiremur,
569 1782 640 1833 quae
661 1765 733 1818 fiunt
753 1765 792 1817 ad
810 1765 970 1818 multitudi-
1006 1805 1010 1813 .

127 1859 191 1896 nem
210 1843 412 1896 deleniendam.
450 1846 513 1898 “At
531 1845 560 1912 ii,
574 1845 624 1912 qni
641 1846 678 1898 ab
696 1845 777 1898 hoste
795 1845 969 1912 obsidentur,

127 1923 152 1976 si
171 1939 259 1976 emere
278 1939 367 1990 aquae
385 1924 537 1977 sextarium
556 1929 695 1994 cogantur
707 1924 792 1994 mina,
804 1924 860 1996 hoo
875 1923 969 1994 primo

128 2003 228 2058 auditu
242 2003 409 2058 incredibile
423 2005 506 2057 nobis
520 2005 612 2060 videri
627 2020 777 2072 omnesque
792 2003 896 2073 mirari,
909 2005 972 2074 sed,-

127 2099 192 2138 cum
204 2083 384 2153 attenderint,
392 2084 503 2140 veniam
515 2085 675 2138 necessitati
687 2085 762 2152 dare,
772 2083 802 2136 in
813 2084 861 2137 his
871 2084 969 2138 imma-

126 2165 210 2218 nibus
224 2164 339 2219 iacturis
353 2165 526 2234 infinitisque
541 2165 700 2234 sumptibus
713 2164 787 2217 nihil
798 2181 850 2218 nos
864 2181 972 2235 magno

127 2261 210 2314 opere
219 2244 328 2314 mirari,
342 2262 405 2298 curn
417 2245 579 2316 praesertim
591 2261 682 2314 neque
695 2244 854 2298 necessitati
871 2243 969 2300 subve-

127 2326 220 2380 niatur
238 2341 291 2380 nee
311 2325 436 2396 dignitas
455 2331 591 2394 augeatur
609 2325 726 2395 ipsaque
744 2325 795 2378 illa
816 2325 969 2380 delectatio
1012 2332 1018 2342 '

126 2406 318 2461 multitudinis
336 2407 373 2460 sit
391 2408 429 2460 ad
443 2407 527 2460 breve
545 2406 733 2476 exiguumque
751 2410 863 2476 tempus
880 2423 969 2474 eaque

127 2503 144 2538 a
158 2487 298 2540 levissimo
313 2503 432 2556 quoque,
444 2486 476 2538 in
491 2503 546 2555 quo
558 2491 653 2540 tamen
664 2487 726 2556 ipso
740 2502 874 2539 unacum
889 2487 968 2539 satie-

126 2570 184 2618 tate
196 2562 330 2619 ¹memoria
342 2583 453 2635 quoque
465 2566 601 2620 moriatur
612 2565 792 2635 voluptatis.”
829 2569 872 2620 57.
891 2569 971 2619 Beuc'

127 2645 212 2698 etiarn
226 2645 337 2716 colligit
349 2647 443 2700 “haec
458 2646 557 2716 pueris·
567 2651 595 2700 et
609 2647 780 2700 mulierculis
795 2649 823 2700 et
837 2647 925 2701 servis
938 2652 979 2700 et·

127 2739 268 2796 servorum
283 2725 432 2782 simillimis
447 2727 542 2780 liberis
560 2743 619 2780 esse
637 2731 726 2797 grata,
739 2727 819 2796 gravi
832 2744 900 2780 vero
918 2729 967 2780 ho-

126 2805 197 2858 mini
217 2809 245 2858 et
263 2821 388 2873 eaquae
405 2807 604 2875 fiunt,iudieio
624 2811 699 2860 certo
717 2807 887 2876 ponderanti
904 2823 967 2878 pro-

127 2885 188 2939 bari
211 2899 291 2954 posse
314 2887 392 2938 nullo
419 2889 531 2942 modo.'’
578 2888 753 2956 Quamquam
775 2887 912 2958 intellego
935 2887 966 2940 in

126 2970 221 3019 nostra
242 2965 356 3019 civitate
378 2965 541 3020 inveterasse
563 2967 620 3020 iam
638 2967 719 3020 bonis
737 2969 919 3036 temporibus,
934 2973 967 3022 ut

127 3045 261 3112 splendor
273 3043 449 3098 aedilitatum
462 3046 497 3098 ab
513 3046 628 3114 optimis
640 3046 708 3100 viris
719 3049 885 3115 postuletur.
910 3050 966 3102 Ita·

127 3138 182 3190 que
202 3129 229 3177 st
248 3125 279 3180 P.
294 3124 407 3178 Crassus
426 3139 490 3177 cum
508 3125 676 3193 cognomine
696 3126 780 3183 dives.
794 3132 856 3186 turn
875 3129 966 3201 copiis
