2272 3442
149 158 181 205 78
312 167 314 170 ·
461 151 511 199 Dli
528 149 679 200 OFFICHS

149 242 253 290 utnon
269 233 401 301 ineunda,
413 233 462 286 sed
477 232 621 286 referenda
640 233 677 284 sit
692 231 790 300 gratia,
801 229 891 282 maior
910 244 993 297 quae-

150 319 216 370 dam
232 333 298 369 cura
317 313 479 368 adhibenda
494 313 544 366 est.
581 313 699 365 Nullum
718 310 793 363 enim
813 309 938 362 officium
953 326 992 360 re·

149 395 264 449 ferenda
276 394 366 464 gratia
379 393 469 462 magis
481 391 667 445 necessarium
679 395 729 444 est.
760 393 803 444 48.
816 391 900 456 Quod
914 389 938 442 si
951 406 991 456 ea,

93 485 99 496 ·
150 493 222 544 quae
231 476 337 528 utenda
349 473 497 542 acceperis,
505 472 608 524 maiore
617 487 752 539 mensura,
761 471 785 522 si
797 471 884 522 modo
893 470 991 539 possis,

150 557 228 609 iubet
246 557 363 610 reddere
381 555 529 622 Hesiodus,
540 553 675 621 quidnam
693 552 828 605 beneficio
845 551 991 620 provocati

150 637 240 690 facere
259 636 412 689 debemus?
432 651 467 688 an
486 633 588 686 imitari
609 649 691 702 agros
705 631 818 700 fertiles,
833 631 883 699 qui
900 633 991 684 multo

150 719 213 786 plus
223 717 339 770 efferunt
349 732 433 784 quam
445 716 630 783 acceperunt?
656 712 768 766 Etenim
781 712 844 764 siin
857 729 911 780 eos,
921 728 990 779 quos

150 813 292 866 speramus
304 796 387 848 nobis
398 794 566 864 profuturos,
577 809 634 846 non
647 793 808 846 dubitamus
821 791 915 845 officia
927 808 991 844 con·

150 878 227 944 ferre,
238 879 336 944 quales
346 875 376 926 in
389 867 435 926 eos
448 889 506 926 esse
520 875 661 942 debemus¹
673 875 723 942 qui
734 874 791 926 iam
803 873 990 942 profuerunt?

150 958 224 1010 Nam
242 973 306 1008 cum
324 950 382 1006 duo
400 969 502 1023 genera
520 954 698 1008 liberalitatis
716 955 780 1023 sint,
796 971 883 1006 unum
901 954 991 1006 danai

151 1035 285 1102 beneficii,
296 1037 414 1087 alterum
425 1033 572 1101 reddendi,
584 1035 681 1088 demus
693 1051 780 1088 necne
792 1035 823 1086 in
835 1039 932 1086 nostra
941 1051 990 1102 po-
1038 1029 1048 1048 ⁶

150 1120 250 1168 testate
266 1119 321 1168 est:
340 1131 397 1166 non
409 1113 526 1166 reddere
538 1114 599 1166 viro
611 1116 687 1168 bono
702 1115 846 1181 nonlicet,
859 1115 945 1167 modo
958 1114 991 1166 id

150 1193 241 1246 facere
253 1194 344 1263 possit
356 1193 416 1246 sine
430 1193 540 1247 iniuria.
577 1194 620 1248 49.
634 1195 822 1264 Acceptorum
838 1199 932 1246 autem
943 1194 990 1246 be-

151 1274 314 1327 neficiorum
332 1278 397 1326 sunt
416 1275 541 1327 delectus
558 1274 691 1342 habendi,
707 1291 758 1327 nec
780 1274 899 1326 dubium
921 1274 991 1341 quin

151 1355 274 1408 mairimo
288 1354 388 1422 cuique
401 1354 553 1424 plurimum
565 1355 707 1407 debeatur.
737 1355 771 1406 In
784 1367 841 1420 quo
853 1357 947 1406 tamen
959 1354 990 1404 in

151 1435 248 1504 primis
261 1452 316 1504 quo
330 1435 446 1518 quisque
461 1435 562 1502 animo,
574 1434 677 1502 studio,
687 1433 882 1487 benevolentia
894 1433 991 1486 iecerit

151 1515 365 1585 ponderandum
380 1520 429 1568 est.
465 1513 550 1566 Multi
568 1513 763 1570 enimsaciunt
778 1515 868 1566 multa
882 1515 991 1566 temeri-

151 1599 210 1646 tate
225 1595 354 1662 quadam,
365 1583 424 1646 sine
439 1593 546 1646 indicio
560 1595 607 1646 vel
621 1595 719 1646 morbo
734 1593 765 1645 in
780 1609 875 1646 omnes
889 1595 935 1645 rel
950 1609 991 1644 re-

151 1673 267 1744 pentino
287 1674 410 1742 quodam
429 1672 509 1740 quasi
527 1677 611 1727 vento
633 1673 741 1742 impetu
760 1673 847 1726 animi
864 1673 990 1726 incitati:

152 1769 224 1820 quae
239 1751 373 1806 beneficia
389 1767 475 1819 aeque
490 1769 663 1822 magnanon
679 1758 744 1805 sunt
759 1753 890 1806 habenda
905 1758 990 1820 atque

152 1849 192 1899 ea,
202 1848 272 1899 quae
284 1831 398 1898 iudicio,
408 1832 580 1885 considerate
589 1837 802 1900 constanterque
812 1833 906 1886 delata
916 1839 990 1888 sunt.

146 1913 208 1966 vSed
226 1912 257 1964 in
275 1911 439 1964 collocando
458 1912 593 1964 beneficio
609 1917 636 1966 et
650 1913 680 1965 in
695 1913 839 1966 referenda
853 1913 952 1982 gratia,
966 1913 992 1966 si

149 1995 240 2044 cetera
257 1989 335 2059 paria
353 1994 426 2057 sunt,
438 1991 493 2052 hoc
511 1991 632 2044 maxime
651 1991 736 2044 offi'oii
754 1997 804 2060 est,
817 1997 849 2046 ut
868 1991 990 2060 quisque

149 2063 269 2124 mairime
293 2069 354 2140 opis
375 2069 510 2140 indigeat,
528 2071 569 2124 ita
591 2071 615 2124 ei
636 2071 815 2140 potissimum
839 2071 991 2141 opitulari:

150 2149 228 2218 quod
247 2153 343 2201 contra
361 2148 394 2200 fit
409 2165 425 2201 a
440 2149 586 2218 plerisque.
620 2150 647 2200 A
666 2165 722 2216 quo
744 2149 818 2201 enim
836 2149 990 2218 plurimum
1040 2151 1044 2158 '

151 2234 270 2300 sperant,
281 2229 366 2284 etiam
378 2228 402 2282 si
415 2229 462 2282 iile
474 2229 509 2281 iis
521 2245 578 2282 non
588 2233 661 2298 eget,
671 2233 765 2282 tamen
778 2229 803 2281 ei
812 2228 990 2298 potissimum

152 2311 313 2366 inserviunt.

185 2393 261 2446 XVI.
284 2395 326 2446 50.
343 2390 455 2461 Optime
468 2393 561 2443 autem
573 2389 691 2442 societas
699 2389 846 2441 hominum
858 2390 991 2442 coniunc-

152 2471 247 2538 tioque
267 2472 429 2536 servabitur,
444 2471 475 2538 si,
488 2474 521 2522 ut
536 2469 653 2536 quisque
669 2469 722 2521 erit
738 2469 989 2536 coniunctissimus,

59 2553 68 2572 ⁰
152 2550 241 2604 ita‘in
263 2567 327 2602 eum
348 2549 533 2618 benignitatis
553 2549 706 2618 plurimum
731 2548 896 2603 conferetur.
934 2550 991 2602 Sed

152 2645 222 2697 qnae
240 2633 338 2681 natura
352 2629 492 2696 principia
508 2629 564 2681 sint
580 2629 788 2682 communitatis
806 2633 835 2681 et
849 2629 992 2682 societatis

154 2712 289 2762 humanae
307 2710 490 2778 repetendum
509 2709 622 2764 videtur
643 2709 733 2763 altius.
770 2711 822 2762 Est
842 2709 917 2761 enim
935 2710 991 2778 pri-

154 2805 236 2856 mum,
250 2789 328 2856 quod
343 2789 465 2841 cernitur
478 2789 509 2840 in
521 2789 642 2843 universi
656 2789 765 2858 generis
777 2791 894 2842 humani
906 2789 992 2842 socie-

154 2874 217 2922 tate.
254 2867 324 2920 Eius
343 2874 436 2920 autem
452 2869 594 2922 vinculum
612 2873 655 2921 est
670 2869 742 2921 ratio
761 2875 790 2922 et
808 2869 905 2937 oratio
920 2885 992 2937 quae

154 2949 289 3016 docendo,
304 2949 447 3016 discendo,
458 2949 699 3020 communicando,
713 2950 905 3019 disceptando,
919 2951 992 3003 iudi-

153 3033 243 3084 cando
256 3029 388 3082 conciliat
398 3029 470 3082 inter
483 3046 511 3082 se
520 3030 647 3082 homines
660 3029 862 3098 coniungitque
872 3032 993 3084 naturali

153 3111 274 3177 quadam
288 3109 428 3176 societate,
439 3125 529 3176 neque
542 3110 599 3161 ulla
609 3124 637 3159 rc
647 3108 759 3174 longius
772 3111 904 3162 absumus
916 3128 994 3169 aaa·
