2256 3448
251 113 254 120 ·
300 116 369 166 mn.
386 116 435 178 11.‚
451 113 529 166 cae.
546 116 740 175 xv11.·-x1x.,
758 117 773 177 u
790 120 880 169 eo-eu.
965 123 1013 170 reo

154 199 251 252 'litum
260 199 321 252 lieri
334 195 369 252 ab
382 199 481 252 ordine
493 204 590 252 nostro
601 200 632 252 in
642 201 767 254 oratione
777 203 868 255 Crassi
877 202 1013 273 scriptum

169 279 281 348 copiose
294 279 429 332 videmus.
467 281 549 333 Hanc
562 297 628 350 ergo
641 282 872 336 consuetudinem
885 284 1012 354 benigni-

169 361 236 413 tatis
255 359 400 430 largitioni
419 377 566 414 munerum
584 363 669 431 longe
688 366 837 431 antepono.
874 365 953 418 Haec
971 370 1013 417 cst

168 441 298 510 gravium
310 442 456 495 hominum
472 447 557 510 atquc
568 459 742 511 magnorum,
756 444 806 497 illa
821 445 902 512 quasi
915 447 1012 498 adsen-

153 547 156 552 .
168 528 291 575 totorum
303 523 404 594 populi
416 523 607 576 multitudinis
620 523 763 577 levitatem
772 526 918 594 voluptate
932 527 1012 594 quasi

168 603 353 658 titillantium.
391 605 434 658 64.
450 603 606 657 Conveniet
619 609 713 657 autem
725 620 789 657 cum
801 605 832 656 in
845 606 941 660 dando
953 624 1012 660 mn·

134 679 140 688 “
167 684 282 738 uilicum
300 699 358 737 esse
376 689 437 736 tum
451 684 482 736 in
500 684 641 753 exigendo
659 701 717 737 non
735 686 865 738 acerbum
879 685 909 738 in
924 688 1012 746 cluni-

168 781 222 832 que
241 781 276 816 re
297 764 497 831 contrahenda,
509 762 660 818 vendendo
681 766 808 832 emendo,
826 766 1012 820 conducendo

134 866 135 869 ¹
169 846 297 912 locando,
313 837 511 921 'vicinitatibus
538 850 567 898 et
591 845 718 898 confiniis
744 861 872 914 aequum,
891 845 1011 916 facilem,

156 927 257 978 -multa
280 925 377 978 multis
401 926 437 978 de
462 941 513 978 suo
534 925 593 978 iure
618 925 772 994 cedentem,
790 943 807 980 a
826 927 924 980 litibus
944 944 1011 982 vero

168 1011 305 1074 quantum
320 1005 403 1058 liceat
421 1010 450 1058 et
464 1005 558 1058 nescio
577 1022 612 1058 an
627 1007 722 1076 paullo
740 1009 804 1076 plus
822 1007 908 1060 etiam
927 1023 1011 1076 quam

155 1086 252 1139 'liccat
265 1087 469 1140 abhorrentem.
497 1087 548 1139 Est
558 1086 633 1139 enim
642 1103 699 1139 non
711 1087 796 1140 modo
806 1087 920 1142 liberale
932 1089 1011 1157 paul-

167 1167 227 1218 lum
240 1183 297 1218 non
309 1181 461 1234 numquam
475 1165 511 1219 de
523 1182 573 1218 sno
585 1165 645 1219 iure
658 1165 801 1234 decedere,
810 1168 859 1220 sed
868 1167 1010 1221 interdum

168 1246 252 1300 ctiam
270 1246 450 1300 fructuosum.
487 1246 625 1298 Habenda
646 1251 740 1299 autem
758 1247 829 1298 ratio
851 1253 892 1299 est
912 1247 952 1300 rei
971 1248 1010 1300 fa-

167 1325 290 1394 miliaris,
307 1342 390 1393 quern
412 1325 528 1393 quidem
548 1325 639 1378 dilabi
659 1325 748 1378 sinere
766 1325 938 1394 flagitiosum
959 1335 1009 1395 est,

167 1406 217 1459 sed
236 1406 285 1472 ita,
302 1413 335 1458 nt
354 1405 552 1459 illiberalitatis
574 1405 765 1473 avaritiaeque
784 1405 859 1458 absit
879 1407 1008 1476 suspicio,

154 1487 252 1540 ‘Posse
264 1477 346 1540 ¹enirn
364 1487 531 1540 liberalitate
550 1486 669 1540 utinen
687 1486 855 1556 spoliantem
875 1503 904 1540 se
924 1489 1009 1556 patri-

166 1567 262 1620 monio
274 1567 407 1620 nimirum
419 1572 462 1620 est
473 1567 607 1638 pecuniae
620 1566 727 1619 fructus
739 1566 885 1620 maximus.
923 1569 1009 1620 Recte

155 1635 843 1717 ·ctiamaTheophrastoestlaudatahospitalitas.
865 1649 1007 1716 Estenim,

157 1733 199 1781 ·ut
213 1727 414 1796 mihi'quidem
425 1727 545 1794 videtur,
555 1723 638 1781 valde
653 1729 786 1781 decorum
796 1733 892 1797 patere
907 1730 1008 1783 domus

166 1809 311 1862 hominum
321 1808 471 1860 illustrium
481 1808 640 1877 hospitibus
652 1808 816 1876 illustribus,
824 1809 910 1878 idque
923 1811 1008 1864 etiam

165 1889 205 1942 rei
217 1889 347 1958 publicae
359 1898 400 1942 est
413 1893 584 1954 ornamento,
592 1888 720 1942 homines
732 1895 860 1943 externos
873 1891 927 1944 hoc
940 1891 1008 1944 libe·

165 1969 285 2022 rulitatis
299 1984 401 2038 genere
416 1967 446 2020 in
459 1969 527 2021 urbe
543 1973 637 2021 nostra
652 1985 708 2021 non
724 1986 811 2039 egere.
847 1972 899 2023 Est
913 1976 1007 2024 autem

165 2051 250 2102 ctiam
265 2051 444 2102 vehementer
457 2048 526 2101 utile
541 2048 583 2117 iis,
597 2049 646 2116 qui
662 2050 776 2102 honeste
791 2066 871 2117 posse
886 2052 1007 2103 multum

165 2132 271 2198 volunt,
280 2146 331 2199 per
342 2129 469 2199 hospites
481 2129 557 2197 apud
571 2134 700 2181 externos
711 2130 831 2196 populos
842 2131 934 2181 valere
947 2131 1006 2199 opi-

164 2209 219 2262 bus
236 2215 264 2263 et
282 2210 387 2280 gratia.'
408 2209 627 2278 Theophrastus
645 2208 760 2276 quidem
779 2207 876 2282 scribit
891 2209 1006 2264 “Cimo-

153 2305 229 2343 nem
242 2291 362 2343 Athenis
377 2290 460 2343 etiam
473 2290 504 2341 in
519 2305 583 2342 suos
598 2287 716 2341 curiales
730 2288 866 2340 Laciadas
882 2289 1005 2357 hospita·

164 2371 219 2422 lem
233 2370 333 2423 fuisse:
352 2371 392 2422 ita
411 2370 485 2422 enim
500 2369 653 2422 instituisse
668 2373 697 2420 et
710 2367 803 2421 vilicis
816 2368 1002 2438 imperavisse,

164 2456 197 2502 ut
211 2449 305 2502 omnia
318 2451 517 2520 praeberentur
532 2449 701 2518 quicumque
715 2447 850 2500 Laciades
864 2448 895 2500 in
908 2449 1004 2502 villam

164 2545 241 2582 suruu
255 2531 444 2584 devertisset?

199 2611 291 2664 XIX.·
314 2614 356 2665 65.
377 2612 455 2677 Quae
473 2614 566 2663 autem
583 2625 668 2679 opero
685 2625 743 2662 non
757 2609 906 2679 largitione
921 2613 1003 2667 benc-

163 2688 228 2743 ficia
249 2691 359 2759 dantur,
376 2691 445 2742 haec
469 2706 534 2742 oum
553 2690 583 2742 in
604 2690 762 2743 universam
782 2705 840 2743 rem
861 2693 1003 2762 publicum

153 2774 223 2822 tum
238 2770 267 2822 in
287 2770 413 2839 singulos
431 2769 505 2823 cives
523 2769 710 2824 conferuntur.
747 2771 820 2824 Nam
835 2771 865 2824 in
880 2772 940 2827 iure
959 2791 1002 2827 ca-

152 2865 235 2918 -verc,
248 2851 363 2903 consilio
378 2849 473 2904 iuvare
488 2855 571 2918 atque
586 2851 640 2902 hoc
658 2851 789 2904 scientiae
804 2869 905 2921 genere
919 2855 1002 2923 prod-

162 2945 222 2982 esse
237 2946 322 2998 quam
339 2929 468 3000 plurimis
482 2930 660 2982 vehementer
677 2936 706 2983 et
721 2931 758 2983 ad
773 2948 840 3000 opes
858 2935 1002 3001 augendas

151 3010 284 3078 pertinet
298 3016 326 3062 et
345 3011 383 3062 ad
397 3009 524 3078 gratiam.
561 3010 660 3077 Itaque
678 3026 743 3063 cum
757 3013 847 3063 multa
860 3013 1001 3080 praeclara

161 3089 298 3143 maiorum
307 3095 368 3142 turn
380 3089 457 3156 quod
470 3087 575 3158 optime
588 3089 735 3142 constituti
745 3089 812 3142 iuris
825 3090 916 3144 civilis
929 3107 1001 3143 sum-
