2272 3442
148 108 179 156 22
374 105 413 155 Μ.
431 104 560 154 TULLII
578 103 769 154 CICERONIS

146 187 240 240 ruisse.
277 192 319 240 65.
346 188 386 238 At
401 189 464 238 sunt
478 185 578 239 morosi
595 189 624 238 ct
636 184 710 238 anxii
726 188 755 239 et
768 185 891 240 iracundi
903 189 933 239 et
944 185 995 240 dis-

146 261 230 314 fieiles
244 278 329 314 senes.
366 262 395 314 si
410 261 573 328 quaerimus,
583 261 673 313 *etiam
687 260 774 314 avari:
792 261 842 314 sod
857 261 924 314 haec
940 279 994 315 mo

145 351 206 388 rum
220 336 287 388 vitia
304 339 368 388 sunt
382 353 434 388 non
450 337 604 390 senectutis.
643 337 685 388 Ac
699 335 844 388 morositas
858 341 950 390 tamen
968 342 998 392 ot

145 428 178 465 ea
189 412 255 464 vitia
267 428 337 480 quae
350 411 408 463 dixi
420 411 523 464 habent
539 411 643 479 aliquid
656 412 845 479 excusationis,
859 429 913 465 non
925 414 997 467 illius

145 489 256 556 quidem
271 489 364 556 justae
383 487 432 541 sed
450 503 521 555 quae
546 486 656 554 probari
674 503 753 554 posse
774 487 913 542 videatur:
937 507 998 542 con-

144 565 230 619 temni
242 581 271 618 se
283 568 388 634 putant,
402 563 512 631 despici,
524 561 616 617 illudi:
636 567 781 632 praeterea
795 563 823 616 iu
837 564 927 632 fragili
940 583 992 620 cor·

144 656 210 708 pore
222 641 315 694 odiosa
327 641 413 694 omnis
425 639 537 693 offensio
549 642 599 693 est.
641 639 717 704 Quae
730 642 824 694 tamen
836 641 926 693 onmia
939 642 996 694 dul-

144 717 217 770 ciora
234 719 304 770 fiunt
320 720 349 770 et
368 715 489 768 moribus
509 715 586 767 bonis
602 719 631 769 et
651 715 865 788 artibus3idquc
876 733 960 786 quum
969 718 995 770 in

144 793 200 846 vita
214 797 273 846 tum
287 794 316 845 in
331 809 411 845 scena
424 790 540 857 intelligi
555 794 647 858 potest
662 791 742 844 exiis
758 791 889 845 fratribus
906 793 952 860 qui
967 793 995 845 in

145 869 278 938 Adelphis
297 872 366 922 sunt.
405 868 513 932 Quanta
529 867 557 918 in
574 867 661 920 altero
675 865 789 932 duritas,
809 867 837 920 in
852 867 938 920 altero
953 886 995 922 co

144 947 237 999 nutas!
276 945 320 999 Sic
335 962 364 998 se
376 961 420 997 res
432 943 516 996 habet
524 963 531 1008 ;
549 946 581 994 ut
596 943 668 994 enim
682 959 737 994 non
752 959 831 996 omne
843 943 943 1010 vinum,
957 946 995 998 sic

143 1038 196 1074 non
216 1021 303 1074 omnis
327 1024 402 1074 aetas
421 1021 559 1073 vetustate
582 1019 721 1072 coacescit.
760 1018 942 1072 Seventatcm
967 1021 993 1073 in

143 1099 283 1150 senectute
301 1096 394 1166 probo,
414 1095 464 1148 sed
483 1110 542 1148 eam
562 1095 631 1146 sicut
650 1094 703 1146 alia
722 1093 856 1147 modicam
866 1115 872 1159 ;
893 1096 994 1148 acerbi-

142 1175 229 1226 tatem
243 1172 317 1225 nullo
331 1171 418 1225 modo.
456 1169 582 1224 Avaritia
594 1185 658 1223 vero
674 1169 764 1222 senilis
778 1170 845 1236 quid
861 1169 993 1236 sibivelit

142 1263 195 1300 non
213 1247 343 1315 intelligo.
386 1247 482 1300 Potest
506 1246 578 1299 euim
598 1245 747 1314 quidquam
768 1262 827 1298 esse
849 1245 993 1300 'absurdius

142 1341 224 1392 quam
237 1341 290 1392 quo
302 1325 391 1377 minus
403 1324 462 1377 viae
474 1326 562 1376 restat
574 1337 606 1375 co
619 1321 679 1390 pius
692 1321 783 1383 viatici
796 1325 945 1389 quaereret

193 1399 272 1454 XIX.
308 1407 347 1455 66.
367 1400 471 1464 Quarta
482 1401 570 1452 restat
582 1414 663 1451 causa
677 1413 746 1465 quae
759 1399 877 1450 inaximo
891 1415 991 1466 angore

141 1478 225 1544 atque
237 1475 379 1529 sollicitem
391 1474 493 1528 habere
505 1478 626 1526 nostram
637 1477 757 1526 aetatem
766 1472 882 1540 videtur,
895 1491 991 1542 appro-

141 1551 282 1618 pinquatio
306 1551 410 1616 mortis,
432 1565 502 1618 quae
527 1552 602 1602 certe
625 1565 642 1600 a
667 1551 808 1601 senectute
827 1565 880 1601 non
899 1553 991 1617 potest

141 1624 220 1693 longe
239 1625 342 1680 abesse.
381 1625 403 1678 Ο
423 1626 553 1677 miserum
572 1640 664 1676 senem
677 1623 724 1692 qui
737 1628 853 1677 mortem
872 1629 991 1678 contom-

141 1701 259 1753 nendam
271 1718 331 1754 esec
343 1701 371 1753 in
383 1704 442 1753 tam
454 1700 533 1767 longa
551 1703 641 1753 aetate
655 1716 708 1752 non
721 1699 835 1754 viderit!
856 1717 926 1767 quae
944 1704 992 1755 aut

141 1776 220 1843 plane
232 1775 457 1844 negligendaest‚
470 1775 492 1827 si
505 1775 613 1842 omnino
627 1775 778 1842 exstinguit
796 1773 923 1843 animum,
944 1781 992 1830 aut

141 1851 224 1903 etiam
244 1850 370 1918 optanda,
392 1850 414 1903 si
435 1850 526 1920 aliquo
547 1867 608 1904 eum
628 1850 741 1904 deducit
760 1851 808 1904 ubi
829 1851 865 1904 sit
883 1853 992 1906 futurus

140 1931 276 1980 aeternus.
313 1927 400 1994 Atqui
426 1929 539 1980 tertium
562 1930 640 1986 ¹certe
664 1926 732 1980 nihil
757 1927 873 1980 inveniri
893 1932 991 1996 potest.

141 2006 183 2058 67.
209 2002 281 2066 Quid
293 2003 378 2071 igitur
389 2003 508 2069 timeant,
526 2003 549 2055 si
560 2006 615 2059 Laut
632 2018 685 2054 non
704 2003 787 2056 miser
800 2007 862 2070 post
875 2007 991 2056 mortem

140 2082 189 2132 aut
206 2076 303 2142 beatus
321 2078 405 2132 ctiam
426 2079 535 2132 futurus
558 2081 637 2132 suml
678 2078 848 2148 Quamquam
870 2079 930 2147 quis
948 2083 992 2132 est

140 2158 198 2208 tom
215 2155 323 2222 stultus,
341 2155 464 2224 quamvis
482 2156 518 2209 sit
536 2155 700 2223 adolescens,
713 2155 756 2208 cui
770 2157 806 2208 sit
819 2155 991 2224 exploratum

140 2226 170 2284 s'e
188 2230 225 2284 ad
243 2247 386 2300 vesperum
406 2247 466 2284 esso
484 2232 636 2286 victurum?
675 2231 842 2294 Quinctium
857 2231 992 2284 aetasilla

140 2307 225 2380 multo
243 2307 335 2376 plures
351 2325 433 2377 quam
451 2312 544 2362 nostra
561 2308 658 2362 mortis
678 2324 755 2361 casus
770 2306 867 2373 habet;
886 2307 991 2360 facilius

140 2381 167 2434 in
193 2384 302 2438 morbos
326 2384 449 2438 incidunt
471 2385 658 2439 adolescentes
665 2405 672 2450 ;
699 2383 808 2452 gravius
834 2387 991 2450 aegrotant3

140 2457 246 2512 tristius
271 2464 407 2513 curantur.
452 2461 551 2528 Itaque
575 2460 654 2528 pauci
674 2459 786 2510 veniunt
809 2458 845 2510 ad
870 2461 991 2509 senectu-

139 2535 206 2584 tem.
223 2535 302 2600 Quod
313 2535 340 2586 ni
352 2535 392 2588 ita
407 2535 551 2600 accideret,
572 2534 668 2586 melius
690 2537 718 2586 ct
736 2531 899 2600 prudentius
921 2531 992 2586 uive-

139 2611 230 2672 retur;
258 2622 336 2660 mens
371 2610 444 2662 onim
465 2613 494 2662 et
511 2610 582 2662 ratio
608 2613 637 2662 et
661 2607 802 2662 consilium
825 2608 853 2661 in
881 2607 991 2660 senibus

139 2686 189 2750 est,
201 2684 249 2752 qui
267 2684 289 2736 si
306 2683 374 2736 nulli
390 2684 512 2752 fuissent,
524 2685 614 2738 nullae
628 2684 736 2737 omnino
753 2684 878 2738 civitates
892 2687 990 2736 essent.

140 2757 194 2811 Sed
217 2759 300 2812 redeo
322 2761 358 2814 ad
375 2764 491 2814 mortem
514 2760 725 2828 impendentem.
764 2759 844 2824 Quod
861 2757 930 2812 illud
949 2761 991 2810 est

138 2834 240 2894 culinen
253 2836 409 2904 senectutis
422 2854 506 2906 quum
518 2836 587 2889 illud
600 2836 718 2889 videatis
731 2853 793 2889 oum
806 2833 990 2888 adolescentia
1009 2858 1012 2865 ·

139 2927 198 2972 csse
216 2913 373 2966 communel
418 2919 459 2967 68.
487 2913 564 2968 Sensi
582 2928 633 2980 ogo
651 2928 734 2980 quum
752 2913 781 2966 in
803 2911 906 2979 optimo
934 2908 989 2960 filio

138 3003 207 3054 meo,
231 2991 291 3040 tum
315 2988 342 3040 in
369 2990 534 3056 exspectatis
557 2989 593 3042 ad
612 2989 805 3056 amplissimam
825 2985 988 3054 dignitatem

138 3063 270 3117 iratribus
288 3064 350 3128 tuis,
369 3065 466 3133 Scipio,
485 3068 601 3118 mortem
615 3065 687 3117 omni
700 3065 785 3118 aetati
798 3081 857 3118 csso
870 3077 989 3115 commu-

138 3155 207 3193 nem.
246 3141 286 3192 At
298 3143 390 3206 sperat
402 3141 560 3194 adolescens
578 3139 626 3192 diu
643 3156 673 3192 sc
687 3140 830 3206 victurum,
841 3139 913 3208 quod
927 3153 989 3204 spc-
