2272 3442
157 146 188 192 so
384 143 421 189 ru.
440 139 567 188 smmi
588 137 798 190 cronacum
814 122 941 197 ramat

156 225 188 274 ut
206 221 246 274 ait
261 221 337 273 idem
355 221 506 284 Terentius,
526 217 575 270 sed
593 218 639 270 ille
659 219 687 270 in
707 217 861 272 Gnathonis
877 234 1010 284 persona:

157 295 230 364 quod
248 295 327 348 amici
346 311 431 361 genus
452 293 584 346 adhibere
606 293 715 346 omnino
739 293 860 346 levitatis
884 298 933 346 est.
969 301 1011 348 94.

157 371 240 423 Multi
261 370 546 439 autemGnathonum
567 369 669 422 similes
693 385 777 437 quum
797 369 853 422 sint
871 370 937 436 loco,
956 371 1011 422 for-

156 450 230 511 tuna,
255 445 328 498 sama
346 445 506 512 superiores,
527 445 625 498 horum
646 447 690 498 est
713 445 862 498 assentatio
886 445 1009 510 molesta,

157 537 241 588 quum
265 521 308 573 ad·
323 521 473 574 vanitatem
497 521 611 574 accessit
634 537 684 574 auc
731 521 736 532 '
806 565 810 577 ,
821 526 873 608 695.
898 521 1010 574 Secerni

157 601 249 649 autem
266 595 382 650 blandus
402 597 504 650 amicus
520 613 537 650 a
551 593 616 650 v'ero
633 599 663 649 et
683 613 692 648 1
774 613 820 664 osc
840 597 903 652 'tam
917 599 1009 665 potest

46 681 50 690 ·
156 671 281 726 adhibita
297 673 441 740 diligentia
462 689 544 740 quarn
568 672 641 725 omni
678 673 691 724 f
842 672 865 727 si
922 677 969 725 ata

132 749 268 816 ¹sinceris
296 753 380 816 atque
404 749 482 802 veris
521 748 542 800 t
659 764 710 800 uae
739 764 774 800 ox
798 673 1012 815 inibii'iiis'sr‘r‘ni}

157 829 272 892 constat,
286 829 379 878 tamen
394 825 520 892 judicare
537 824 606 876 solet
626 823 693 890 quid
712 823 822 878 intersit
838 813 1009 892 interqmpu-

157 900 248 967 larem,
265 900 295 952 id
315 903 365 968 est,
385 903 539 998 assontptor
560 915 620 990 me
632 899 745 984 ‹irievem
764 894 862 988 'eirena
884 903 913 953 et
936 899 1009 987 inter

157 979 335 1042 constantem,
349 915 583 1104 sbiiiir‘nqfftffi
602 903 652 1103 ᾧ.
689 981 729 1029 96.
749 975 853 1038 Quibus
869 975 1008 1031 blanditus

561 1068 577 1102 a

159 1051 187 1106 C.
209 1051 334 1119 Papirius
355 1067 441 1118 nuper
459 1068 486 1104 m
508 1067 541 1104 ue
665 1068 743 1104 aures
794 1052 902 1120 ationis,
924 1067 1007 1119 quum

158 1127 242 1180 ferret
266 1127 354 1194 legem
381 1127 416 1179 dc
437 1127 555 1180 tribunis
580 1127 669 1194 plebis
699 1145 713 1180 r
750 1143 773 1180 er
791 1145 809 1179 n
898 1127 1009 1180 Dissna

157 1202 241 1255 simus
263 1219 319 1256 nos.
368 1200 424 1257 Sed·
446 1203 514 1256 nihil
543 1202 578 1256 de
606 1219 666 1256 me:
696 1203 731 1256 de
763 1203 887 1270 Scipione
918 1203 1007 1256 dicam

157 1277 293 1344 libentius.
339 1279 447 1342 Quanta
471 1279 517 1346 illi,
539 1278 578 1331 dii
600 1278 775 1344 immortales
800 1279 853 1332 fuit
877 1279 1006 1346 gravitas,

158 1358 262 1426 quanta
282 1355 309 1408 in
333 1355 456 1420 oratione
477 1355 614 1422 majestas,
638 1357 670 1407 ut
694 1355 772 1408 facile
794 1354 891 1409 ducam
914 1353 1007 1422 populi

160 1429 274 1484 Romani
285 1432 478 1496 noncomitem
498 1432 610 1484 diceres.
647 1431 701 1484 Sed
717 1430 851 1499 adfiristis,
870 1433 900 1488 at
917 1434 960 1484 est
980 1429 1010 1484 in

158 1507 281 1560 manibus
298 1507 392 1572 oratio.
430 1508 530 1574 Itaque
546 1507 591 1560 lex
610 1507 747 1574 popularis
759 1507 897 1574 ,suffragiis
913 1505 1008 1574 populi

158 1583 302 1650 repudiata
314 1586 363 1636 est.
400 1585 495 1648 Atque
507 1586 539 1634 ut
554 1582 590 1634 ad
602 1599 646 1634 me
662 1582 780 1648 redeam,
797 1582 959 1636 meministis
977 1582 1007 1646 Q.

159 1657 278 1712 Maximo
292 1659 377 1710 fratre
390 1658 522 1724 Scipionis
535 1661 564 1709 et
577 1657 607 1710 L.
619 1658 746 1712 Mancino
759 1659 913 1712 oonsulibus
926 1673 1008 1726 quam

158 1749 192 1798 po
212 1734 293 1797 ularis
310 1733 356 1784 lex
369 1732 403 1784 de
416 1731 576 1784 sacerdotiis
593 1733 624 1786 Ο.
638 1732 734 1786 Licinii
748 1733 844 1816 Crassi
855 1733 1007 1794 videbatur.

220 1795 302 1860 *tatio
316 1808 389 1860 enim
401 1807 575 1874 collegiorum
588 1808 623 1860 ad
635 1809 728 1876 populi
745 1787 907 1862 beiib‘iicium
920 1812 1009 1868 trans-

119 1898 122 1904 ·
159 1881 303 1950 ferebatur,
328 1886 411 1948 atque
434 1882 457 1934 is
481 1882 584 1949 primus
608 1884 729 1938 instituit
752 1885 779 1936 in
803 1885 891 1938 forum

158 1974 240 2024 agere
256 1973 317 2010 cum
336 1957 449 2025 populo;
468 1961 560 2010 tamen
579 1958 651 2010 illius
672 1959 837 2012 vendibilem
859 1960 1009 2028 orationem

158 2033 252 2100 religio
262 2033 377 2086 deorum
394 2033 587 2086 immortalium
603 2033 680 2085 nobis
698 2034 908 2086 defendentibus
929 2034 1008 2088 facile

157 2109 291 2162 vincebat.
327 2111 421 2176 Atque
433 2109 463 2161 id
474 2113 569 2162 actum
578 2113 620 2162 est
631 2112 757 2176 praetore
767 2125 810 2160 me
823 2109 1009 2176 quinquennio

157 2189 222 2242 ante
232 2203 313 2254 quam
322 2185 415 2253 consul
427 2203 486 2239 sum
495 2187 592 2240 factus.
618 2185 664 2239 Ita
674 2201 706 2239 re
717 2184 804 2253 magis
813 2201 894 2254 quarn
903 2201 1009 2238 summa

158 2262 322 2316 auctoritate
335 2279 416 2316 eausa
428 2263 474 2315 illa
487 2263 600 2316 defensa
613 2266 662 2325 est.
764 2319 765 2322 ,

211 2337 316 2390 XXVI.
334 2340 375 2394 97.
399 2335 478 2400 Quod
495 2335 560 2403 siin
571 2352 664 2406 scena,
680 2335 775 2400 idest,
792 2333 820 2386 in
836 2332 969 2399 contione,
982 2331 1011 2384 in

159 2431 214 2482 qna
226 2413 307 2466 rebus
319 2413 390 2466 fictis
402 2416 431 2464 et
443 2405 613 2480 dddiir'brati's
624 2401 678 2477 iriei
689 2411 840 2522 plarimum
848 2411 897 2485 est,
911 2411 1009 2536 tame?

160 2505 253 2540 vorum
268 2489 348 2552 vaiet,
365 2487 482 2556 simodo
499 2487 528 2538 id
544 2479 713 2553 piit'ciiictur‘ri
730 2489 759 2536 et
775 2477 941 2534 illustratum
959 2497 1010 2550 qs,

179 2563 227 2641 apd
242 2561 410 2639 Γίῐιψῐῐιὶοἰῐὶἣ
431 2561 490 2614 fieri
511 2564 619 2627 oportet
641 2575 711 2626 quae
731 2561 791 2610 tota
812 2556 929 2608 veritate
949 2543 1011 2624 pbr·

161 2627 290 2705 pe'n‘ditur
300 2639 309 2690 ‘i
328 2636 355 2688 in
368 2652 422 2704 qua
433 2636 492 2699 nisi,
504 2639 536 2686 ut
549 2633 656 2699 dieitur,
668 2637 794 2700 apertum
811 2635 906 2699 pectus
919 2632 1011 2685 videas

160 2718 293 2780 tuumque
308 2711 444 2778 ostendas,
456 2710 521 2762 nihil
534 2709 627 2774 fidum,
640 2707 706 2760 nihil
716 2707 887 2774 exploratum
896 2707 1011 2772 habeam
1118 2719 1119 2730 ¹

160 2805 195 2850 nc
212 2803 304 2841 amare
323 2786 434 2858 quidem
454 2790 502 2838 aut
519 2785 611 2847 amari,
631 2798 715 2852 quum
733 2784 762 2835 id
781 2801 863 2852 quam
881 2799 945 2836 vere
963 2783 1012 2836 fiat

160 2865 276 2931 ignores
305 2863 475 2930 Quamquam
487 2861 541 2914 ista
552 2859 708 2924 assentatio,
722 2861 846 2928 quamvis
857 2858 1011 2928 perniciosa
1118 2889 1119 2894 =

162 2941 205 3008 sit,
218 2956 315 2992 nocere
327 2942 417 2991 tamen
427 2937 527 2990 nemini
536 2939 629 3004 potest
638 2935 691 2988 nisi
700 2936 723 2988 ei
735 2936 782 3002 qui
791 2952 851 2990 eam
861 2935 960 3004 recipit
970 2937 1011 2986 at-

162 3033 216 3084 quc
229 3033 260 3068 ea
273 3015 435 3086 delectatur.
460 3015 506 3067 Ita
518 3013 550 3065 fit
561 3017 593 3065 ut
602 3012 626 3064 is
635 3011 852 3064 assentatoribus
864 3009 1012 3080 patefaciat

161 3115 241 3154 aures
254 3114 316 3150 suas
328 3097 452 3162 maxime,
465 3096 511 3162 qui
523 3096 581 3163 ipse
591 3094 642 3146 sibi
652 3097 807 3148 assentetur
816 3098 846 3148 et
856 3111 885 3146 sc
895 3093 1013 3146 maximo

162 3175 219 3241 ipse
232 3174 360 3228 delectet.
380 3177 437 3258 7¹98·
450 3159 567 3224 Omnino
579 3173 622 3222 est
634 3186 727 3224 amans
740 3171 781 3236 sui
793 3171 881 3224 virtus
892 3189 898 3232 ;
910 3165 1013 3236 optime
