2256 3448
256 47 258 51 ⁴
308 79 378 130 nm.
394 79 457 142 111,
474 81 551 132 car.
568 81 846 146 v11.-1x.,sar-sa
954 89 1001 138 rer

157 166 316 219 deliberant
337 169 432 218 utrum
452 165 484 218 id
506 170 663 234 sequantur,
680 167 758 234 quod
776 167 925 222 honestum
943 185 1001 223 esse

155 249 282 315 videant,
301 263 337 298 an
357 263 386 298 se
408 247 527 300 scientes
547 249 648 300 scelere
668 248 874 302 contaminent:
896 249 926 302 in
940 250 1001 320 ipsa

155 327 232 380 enim
246 327 424 380 dubitatione
435 327 542 380 facinus
554 327 635 394 inest,
647 328 729 382 etiam
743 329 767 381 si
780 329 816 382 ad
829 329 861 382 id
876 347 1000 400 nonper-

155 408 291 463 venerint.
327 409 404 477 Ergo
423 425 455 460 ea
473 409 656 461 deliberanda
675 409 788 462 omnino
807 426 864 462 non
883 417 956 480 sunt,
970 412 1000 464 irr

155 490 259 556 quibus
278 493 320 542 est
338 489 522 560 turpisipsa
535 489 710 542 deliberatio.
744 490 839 558 Atque
859 491 944 545 etiam
965 508 1000 544 ex

97 631 100 638 ¹
155 571 233 624 omni
251 571 452 624 deliberatione
468 570 579 624 celandi
594 574 623 622 et
637 571 799 640 occultandi
815 586 878 640 spes
893 572 1000 641 opinio-

155 667 210 719 que
222 653 391 706 removenda
404 657 452 704 est.
492 651 565 704 Satis
578 650 652 703 enim
664 649 754 718 nobie,
765 650 789 702 si
800 651 886 703 modo
898 651 928 703 in
937 652 999 720 phi:

155 732 285 800 losophia
303 732 412 801 aliquid
428 731 603 802 profecimus,
618 731 781 801 persuasum
797 747 855 784 esse
868 732 961 800 debet,
975 733 999 785 si

155 821 251 864 ornnes
266 813 334 866 deos
353 814 534 882 hominesque
550 813 639 866 celare
657 811 803 882 possimus,
817 811 889 863 nihil
904 816 999 866 tamen

155 909 245 960 avare,
255 894 328 946 nihil
337 893 447 962 iniuste,
458 895 530 947 nihil
540 893 699 961 libidinose,
712 892 784 945 nihil
793 892 999 957 incontinenter

155 989 213 1027 esse
225 975 394 1030 faciendum.
430 977 480 1030 IX.
515 979 556 1030 38.
576 977 651 1030 Hinc
663 976 711 1029 ille
722 975 816 1045 Gyges
828 975 972 1039 inducitur
981 993 998 1028 a

154 1055 280 1124 Platone,
291 1057 348 1125 qui,
359 1073 423 1110 cum
435 1063 508 1110 terra
520 1058 690 1112 discessisset
704 1059 814 1128 magnis
829 1058 998 1126 quibusdam

153 1135 297 1205 imbribus,
306 1137 449 1190 deseendit
458 1139 488 1190 in
497 1139 695 1196 illumhiatum
705 1145 875 1207 aeneumque
885 1155 996 1206 equum,

153 1221 185 1268 ut
197 1215 291 1270 ferunt
302 1217 421 1286 fabulae,
432 1219 639 1288 animadvertit,
648 1219 727 1272 cuins
740 1219 769 1271 in
783 1219 917 1272 lateribus
924 1218 997 1270 fores

153 1299 385 1366 essentiqnibus
406 1299 509 1368 apertis
531 1315 633 1368 corpus
654 1300 776 1352 hominis
798 1299 901 1352 mortui
923 1299 997 1350 vidit

153 1379 350 1448 magnitudine
367 1379 504 1450 inusitata
523 1382 695 1448 anulumque
714 1381 876 1434 aureamin
895 1379 995 1448 digito,

153 1475 237 1526 quem
251 1463 284 1512 ut
299 1459 429 1527 detraxit,
442 1459 503 1530 ipse
521 1461 711 1514 induit-erat
729 1465 822 1514 autem
840 1459 933 1529 regius
948 1476 996 1528 pa-

152 1543 308 1594 stor-tum
318 1540 348 1598 in
361 1540 512 1593 concilium
525 1557 553 1593 se
567 1545 710 1609 pastorum
724 1541 837 1611 recepit.
875 1539 996 1593 ibicum

152 1621 245 1688 palam
258 1620 318 1672 eius
330 1621 407 1680 anuli
420 1621 456 1674 ad
469 1623 591 1690 palmam
604 1626 785 1690 converterat,
796 1639 813 1674 a
827 1623 906 1674 nullo
918 1621 995 1680 vide·

152 1699 242 1769 batur,
255 1700 317 1769 ipse
335 1706 429 1754 autem
447 1701 541 1754 omnia
556 1701 688 1755 videbat:
713 1702 790 1754 idem
809 1718 903 1754 rursus
917 1701 995 1755 vide-

152 1780 242 1849 batur,
257 1797 322 1834 cnm
338 1781 369 1834 in
387 1783 481 1834 locum
500 1783 615 1834 anulum
629 1782 787 1843 inverterat.
825 1783 923 1850 itaque
942 1784 995 1835 hac

152 1862 363 1930 opportunitate
373 1862 451 1915 anuli
460 1879 526 1916 usus
538 1862 651 1932 reginae
665 1868 793 1932 stuprum
802 1863 899 1916 intulit
907 1881 995 1932 ¹eaque

151 1943 290 1996 adiutrice
303 1959 398 2012 regem
414 1943 561 1996 dominum
575 1943 725 2011 interemit,
739 1945 852 1996 sustulit
865 1961 934 2013 quos
947 1945 994 1996 ob-

152 2029 223 2076 stare
243 2024 440 2093 arbitrabatur,
460 2041 512 2078 nec
534 2025 564 2077 in
584 2025 628 2076 his
650 2041 715 2076 cum
733 2024 903 2077 facinoribus
922 2025 995 2092 quis-

151 2120 236 2172 quam
251 2105 345 2174 potuit
360 2105 463 2160 videre.
502 2105 548 2158 Sic
563 2109 677 2174 repente
697 2105 774 2158 anuli
792 2104 927 2157 beneficio
945 2121 994 2156 rex

151 2192 265 2238 exortus
277 2191 319 2238 est
331 2186 444 2254 Lydiae.
482 2187 566 2238 Hunc
578 2185 667 2254 igitur
679 2185 771 2254 ipsum
784 2185 898 2236 anulum
911 2185 935 2236 si
947 2185 994 2238 ha·

151 2267 215 2319 beat
228 2266 348 2336 sapiens,
361 2267 434 2319 nihil
447 2268 511 2336 plus
526 2265 581 2318 sibi
595 2265 677 2318 licere
688 2270 770 2334 putet
782 2280 897 2334 peccare
910 2281 994 2331 quam

150 2347 173 2400 si
183 2363 241 2399 non
253 2347 377 2401 haberet.
415 2349 540 2399 Honesta
552 2345 626 2398 enim
640 2345 721 2398 bonis
731 2345 807 2411 viris,
818 2361 875 2396 non
885 2345 994 2396 occulta

151 2432 329 2495 quaeruntur,
368 2430 409 2482 39.
425 2427 520 2496 Atque
538 2427 593 2479 hoe
612 2428 674 2479 loco
691 2425 855 2496 philosophi
870 2423 993 2493 quidam,

150 2508 266 2562 minime
285 2508 353 2560 mali
371 2509 415 2560 illi
432 2508 556 2576 quidem,
573 2508 624 2560 sed
642 2523 700 2560 non
719 2506 786 2559 satis
805 2505 888 2572 acuti,
900 2505 995 2558 fictam

150 2595 179 2642 ct
191 2588 418 2642 commenticiam
429 2588 554 2642 fabulam
568 2589 708 2656 prolatam
723 2587 823 2640 dicunt
837 2603 854 2639 a
868 2588 993 2653 Platone,

150 2670 309 2738 quasivero
322 2669 370 2722 ille
383 2674 432 2722 aut
444 2669 594 2727 faetumid
607 2685 665 2721 esse
679 2673 728 2722 aut
740 2668 800 2721 fieri
812 2669 935 2738 potuisse
948 2669 994 2721 de·

149 2752 255 2804 tendat.
293 2751 371 2804 Haec
384 2755 427 2804 est
435 2750 479 2804 vis
492 2750 575 2804 huius
588 2749 666 2802 anuli
678 2755 706 2802 et
719 2749 802 2803 huius
815 2749 950 2819 exempli:
970 2749 994 2800 si

149 2849 232 2885 nemo
248 2831 376 2902 sciturus,
389 2848 471 2884 nemo
486 2848 522 2884 ne
538 2830 729 2900 suspicaturus
742 2831 861 2898 quidem¹
872 2831 916 2897 sit,
930 2845 993 2882 cunr

150 2912 260 2980 aliquid
279 2911 449 2979 divitiarum,
469 2909 620 2980 potentiae,
637 2909 846 2977 dominationis,
866 2908 994 2962 libidinis

149 3009 234 3046 cansa
245 2991 352 3059 feceris,
365 2993 390 3044 si
403 2993 435 3045 id
448 2992 493 3044 dis
506 2990 725 3058 hominibusque
738 2990 862 3055 futurum
875 2989 911 3042 sit
924 3005 993 3040 sern-

149 3090 200 3145 pcr
217 3073 357 3143 ignotum,
371 3073 442 3126 sisne
460 3072 606 3126 facturusi
643 3073 759 3146 Negant
776 3071 807 3124 id
822 3069 880 3123 tieri
895 3084 992 3138 posse:
