2256 3448
144 167 174 213 17
176 165 190 211 6
453 161 503 210 DE
520 159 672 210 OFFICIIS

141 247 256 300 interest
268 250 362 300 utrum
375 261 410 299 ex
422 244 535 298 homine
550 261 580 296 se
594 245 739 297 convertat
752 241 814 310 quis
829 241 860 294 in
872 243 985 294 beluam

142 345 178 380 an
190 328 312 380 hominis
324 328 414 397 figura
426 326 630 379 immanitatem
642 329 722 394 gerat
734 324 851 378 beluae?

170 407 253 462 'XXL
270 407 368 474 Quidl
387 407 436 474 qui
447 407 543 472 omnin
557 411 632 458 rectu
647 409 675 457 et
687 405 804 459 honesta
819 405 984 474 neglegunt,

142 488 211 541 dum
229 489 315 540 modo
333 487 490 556 potentiam
509 490 723 554 consequantur,
739 501 830 537 nonne
850 485 928 536 idem
945 483 985 536 fa·-

141 568 220 622 ciunt
235 569 312 636 quod
327 567 359 635 is,
373 568 422 636 qui
440 567 525 620 etium
543 581 668 620 socerum
687 565 788 618 habere
803 565 894 619 voluit
913 581 984 634 eum,

141 649 221 700 cuius
238 649 299 718 ipse
318 647 436 702 audacia
454 652 555 717 potens
573 648 662 701 esscti
699 646 775 700 Utile
794 645 820 698 ei
835 645 985 699 videbatur

141 729 292 797 plurimum
310 744 391 798 posse
410 727 524 781 alterius
542 726 659 782 invidia.
696 727 730 779 Id
747 742 831 794 quum
846 725 984 778 iniustum

140 807 170 860 in
189 808 309 876 putrium
328 813 356 860 et
371 824 456 876 quam
474 814 556 876 turpe
575 811 703 874 utquam
721 805 820 858 inutile
840 809 911 858 esset
926 821 983 857 non

140 889 263 942 videbat.
286 889 364 956 ‘Ipse
377 893 470 940 autem
483 903 561 940 socer
572 887 603 938 in
615 903 662 940 ore
675 902 783 955 semper
792 887 911 938 Graecos
924 901 984 936 ver-

141 985 187 1020 sus
207 969 242 1020 de
261 967 421 1020 Phoenissis
436 967 566 1034 habebat,
581 983 651 1035 quos
666 967 759 1020 dicam
777 970 809 1018 ut
824 971 929 1034 potero,
942 965 983 1018 in-

140 1048 254 1104 condite
266 1047 391 1116 sertasse,
404 1047 454 1100 scd
463 1052 565 1117 tamen,
575 1053 607 1100 ut
619 1064 663 1100 res
675 1047 764 1117 possit
776 1045 921 1116 intellegi:

263 1178 327 1224 Nam
338 1178 360 1224 si
370 1179 518 1233 violandum
529 1180 568 1226 000
578 1179 627 1238 ius,
637 1179 758 1238 regnandi
768 1178 850 1240 gratia
870 1239 874 1248 Ι

262 1247 417 1294 Violandum
428 1248 480 1294 cst:
497 1248 553 1293 aliis
562 1249 639 1313 ¹rebus
649 1248 771 1306 pietatem
782 1247 858 1292 colas.

141 1371 276 1442 Capitulis
289 1373 418 1425 Eteocles
431 1373 478 1424 vel
491 1371 586 1440 potius
600 1369 758 1439 Euripides,
772 1369 822 1439 qui
839 1369 871 1422 id
885 1387 982 1439 unum,

141 1451 359 1519 quodomnium
377 1451 619 1505 sceleratissimum
637 1449 730 1517 fucrit,
746 1450 902 1519 exceperitl
940 1455 982 1506 83.

140 1532 217 1598 Quid
226 1531 315 1601 igitur
326 1532 434 1584 minuta
444 1531 611 1602 colligimus,
620 1531 797 1598 hereditates,
805 1535 983 1600 mercaturas,

139 1611 315 1664 venditiones
333 1611 544 1666 fraudulentas?
580 1613 653 1664 Ecce
672 1609 734 1678 tibi,
748 1610 797 1679 qui
814 1627 864 1663 rex
881 1612 983 1680 populi

139 1691 259 1744 Romani
268 1691 454 1760 dominusque
467 1691 592 1744 omnium
604 1691 731 1760 gentium
744 1705 802 1743 0000
815 1692 983 1762 concupive-

139 1770 176 1822 rit
190 1770 278 1838 idque
292 1770 454 1840 perfecerit!
492 1771 572 1824 Hanc
592 1771 777 1840 cupiditatem
796 1771 820 1823 si
835 1771 982 1825 honestam

139 1849 202 1917 quis
221 1865 279 1902 esse
294 1849 373 1918 dicit,
387 1867 481 1902 amens
499 1856 547 1904 est.
584 1851 690 1904 Probat
705 1851 783 1904 enirn·
794 1852 889 1920 legum
908 1857 936 1904 et
950 1853 982 1904 li-

139 1929 256 1982 bertatis
270 1929 416 1982 interitum
431 1947 581 1999 eorumque
596 1931 804 2002 oppressionem
818 1937 937 1985 taetram
954 1935 983 1985 00

139 2009 334 2063 detestabilem
349 2009 499 2078 gloriosam
512 2016 600 2080 putat.
639 2011 694 2079 Qui
709 2017 802 2064 nutem
815 2011 920 2065 fatetur
933 2013 982 2065 ho

138 2096 250 2144 nestum
261 2107 318 2143 non
331 2106 389 2144 esse
401 2089 431 2143 in
444 2107 476 2144 ea
489 2092 611 2160 civitate,
620 2107 695 2160 quae⁴
705 2091 793 2146 libera
802 2092 886 2146 fuerit
900 2109 982 2162 quac·

138 2189 193 2240 que
212 2189 270 2225 0000
286 2171 395 2238 debeat,
407 2189 532 2242 regnare,
548 2173 598 2225 sed
614 2169 650 2241 ei,
664 2172 714 2241 qui
731 2173 763 2225 id
777 2173 868 2226 facere
882 2174 981 2242 possit,

138 2269 196 2306 0000
210 2254 288 2322 utile,
302 2269 358 2321 qua
373 2254 448 2309 hune
463 2253 659 2322 obiurgatione
674 2257 722 2306 aut
737 2270 793 2321 quo
808 2253 903 2322 potius
918 2271 982 2307 con-

137 2333 212 2386 vicio
230 2338 341 2386 atanto
360 2350 450 2387 errore
468 2349 552 2386 coner
566 2335 705 2388 avelleret
741 2335 838 2386 Potest
853 2333 935 2398 enim,
950 2334 981 2387 di

122 2413 323 2483 immortales!
343 2407 474 2484 cuiquam
487 2431 544 2468 esse
557 2413 627 2468 utile
638 2413 832 2468 foedissimum
844 2419 873 2468 et
881 2419 981 2468 taeter·

137 2493 238 2546 rimum
252 2494 436 2563 parricidium
451 2494 565 2564 patriae,
579 2495 706 2563 quamvis
723 2495 756 2563 is,
770 2493 820 2562 qui
838 2511 867 2548 00
884 2511 917 2547 00
933 2497 981 2547 on

137 2573 287 2640 strinxerit,
303 2575 338 2626 ab
359 2575 498 2645 oppressis
518 2574 627 2628 civibus
641 2576 788 2644 “parens”
801 2574 981 2629 nominetur?

137 2653 292 2706 Honestate
308 2654 397 2723 igitur
412 2655 562 2725 dirigenda
576 2654 685 2708 utilitas
700 2659 742 2708 est
757 2658 785 2708 et
798 2654 919 2728 quidem¹
930 2654 980 2723 sic,

137 2736 169 2784 ut
181 2731 250 2783 haee
265 2733 323 2785 dno
332 2736 418 2787 verbo
430 2736 503 2788 inter
518 2751 546 2787 se
559 2735 723 2804 discrepare,
736 2751 765 2788 re
779 2751 867 2787 unum
882 2751 981 2788 sonare

137 2812 294 2864 videantur.
333 2815 374 2866 84.
395 2815 460 2868 Non
475 2815 565 2867 habeo
584 2815 620 2866 ad
635 2815 716 2884 vulgi
731 2815 893 2884 opinionem
909 2832 981 2884 quac

136 2891 225 2944 maior
239 2891 347 2945 utilitas
360 2910 444 2960 quam
459 2895 596 2963 regnandi
612 2911 670 2947 0000
684 2896 781 2964 possit,
794 2895 867 2948 nihil
883 2901 981 2948 contra

100 2999 103 3004 ·
136 2971 265 3023 inutilius
279 2971 311 3038 ei,
321 2973 370 3038 qui
382 2973 414 3024 id
426 2973 529 3025 iniuste
545 2980 710 3026 consecutus
726 2975 770 3042 sit,
781 2975 903 3044 inveni0,
915 2992 980 3030 cum
992 3017 999 3038 ,

137 3047 174 3098 ad
186 3049 334 3101 veritatem
348 3051 429 3117 coepi
443 3067 572 3104 revocare
586 3053 730 3107 rationem.
767 3054 889 3108 Possunt
904 3055 979 3108 enim

136 3125 266 3191 cuiquam
285 3142 343 3180 esse
362 3127 445 3180 utiles
465 3145 590 3211 angores,
606 3131 819 3203 sollicitudines,
836 3134 931 3188 diurni
951 3139 980 3190 et
