2256 3448
141 111 188 160 140
450 108 500 158 DE
517 105 671 158 osricus
1067 177 1072 182 .

139 210 186 247 mo
198 209 306 263 semper
317 193 347 245 in
360 193 464 245 honore
474 191 529 244 fuir
540 189 666 260 cognitio
678 192 762 257 atque
771 189 982 259 interpretatio:
1026 197 1029 202 '
1120 233 1121 248 l

139 291 225 342 quarn
240 272 362 341 ,quidem
383 276 447 326 ante
467 272 539 324 hanc
560 269 752 323 confusionem
772 274 932 338 temporum
953 269 984 322 in

139 353 311 424 possessione
330 367 380 405 sua
397 351 539 421 principes
556 351 738 418 retinuerunt,
750 365 834 418 nunc,
848 355 882 404 ut
898 350 984 404 hono

138 451 190 501 ros,
209 437 242 486 ut
263 447 360 485 omnes
381 431 530 501 dignitatis
551 430 664 500 gradus,
683 430 724 482 sic
743 429 827 484 huius
849 429 983 483 scientiae

139 514 272 583 splendor
285 513 394 566 deletus
406 517 456 580 est,
466 511 554 578 idque
565 527 598 563 co
611 509 766 588 indignius,
777 511 857 578 quod
870 526 903 564 eo
916 516 983 563 tem-

138 609 206 662 pore
222 593 278 646 hoc
292 592 421 662 contigit,
433 607 497 644 cum
511 591 535 642 is
550 595 630 656 esset,
641 589 692 657 qui
706 605 802 642 omncs
817 589 982 658 superiores,

139 673 242 741 quibus
254 674 360 728 honore
373 689 423 742 par
435 674 513 737 essct,
524 669 642 723 scientia
653 667 736 721 facile
745 668 867 723 vicisset.
905 670 983 722 Haec

138 754 228 823 igitur
242 771 327 824 opera
341 757 422 822 grata
436 749 533 804 multis
552 753 580 802 et
595 748 789 808 adbeneficiis
807 749 983 818 obstringen-

139 835 192 886 dos
207 835 333 888 homines
348 830 567 886 accommodata.
605 831 648 883 66.
663 828 759 896 Atque
773 827 841 881 huic
856 828 911 882 arti
922 829 982 881 fini-

138 913 208 966 tima
220 919 262 967 est
271 913 387 969 dicendi
398 911 514 981 gravior,
520 909 641 964 facultas
654 913 682 960 et
691 908 799 978 gratior
811 913 840 961 et
849 908 981 962 ornatior.

138 994 216 1058 Quid
238 993 313 1046 enim
334 993 493 1062 eloquentia
514 990 712 1061 praestabilius
730 991 776 1045 sel
796 988 982 1052 admiratione

138 1071 313 1126 audientium
332 1073 378 1126 vel
397 1087 446 1140 spe
468 1071 659 1140 indigentium
678 1071 724 1123 vel
743 1085 848 1137 eorum,
865 1069 915 1136 qui
934 1069 983 1122 de-

137 1152 210 1204 fensi
230 1157 304 1220 suut,
323 1151 432 1221 gratini
469 1151 545 1206 Huic
566 1167 679 1219 quoquc
700 1167 768 1220 ergo
790 1167 808 1203 a
827 1150 982 1202 maioribus

137 1233 239 1286 nostris
257 1237 299 1286 est
313 1232 344 1285 in
361 1237 430 1302 toga
448 1232 597 1302 dignitatis
610 1231 786 1302 principatus
804 1230 896 1284 datus.
932 1230 982 1282 Di-

137 1313 204 1367 serti
223 1312 312 1384 igitur
331 1312 454 1366 hominis
473 1318 502 1365 et
519 1312 602 1365 facile
620 1311 782 1379 laborantis,
798 1311 933 1379 quodque
951 1310 981 1362 in

137 1394 236 1462 patriis
254 1399 296 1447 est
313 1393 445 1460 moribus,
458 1394 611 1446 multorum
629 1408 725 1446 causas
743 1395 775 1450 etj
788 1407 847 1442 non
865 1395 982 1460 gravate

137 1481 166 1526 et
178 1475 301 1544 gratuito
315 1473 491 1528 defendentis
503 1471 637 1526 beneficia
651 1477 680 1525 et
691 1469 849 1541 patrocinia
864 1472 921 1524 late
932 1487 982 1540 pa-

137 1559 206 1608 tent.
243 1557 285 1610 67.
301 1553 480 1612 Admonebat
497 1569 542 1606 me
556 1567 600 1605 res
616 1556 648 1604 ut
663 1551 718 1606 hoc
733 1567 845 1619 quoque
860 1551 924 1604 loco
939 1551 981 1602 in-

136 1633 340 1692 termissionem
353 1631 541 1702 eloquentiae,
554 1649 590 1684 ne
606 1631 699 1684 dicam
717 1629 870 1698 interitum,
883 1629 980 1700 deplo-

136 1729 233 1781 rarem,
243 1713 274 1766 ni
287 1731 394 1767 vererer
406 1730 441 1766 nc
456 1713 493 1765 de
507 1729 551 1765 me
565 1711 627 1780 ipso
642 1710 753 1778 aliquid
764 1710 876 1765 viderer
890 1711 979 1779 queri„

138 1794 194 1846 Sed
206 1798 300 1846 tamen
310 1794 439 1846 videmus
452 1793 554 1861 quibus
566 1791 712 1844 exstinctis
725 1791 882 1844 oratoribus
894 1808 980 1859 quarn

136 1871 166 1924 in
184 1871 281 1940 paucis
299 1889 370 1940 spes,
384 1877 491 1938 quanto
509 1871 539 1924 in
557 1871 738 1941 paucioribus
752 1871 880 1939 facultas,
894 1887 980 1938 quam

136 1951 166 2004 in
178 1949 275 2004 multis
289 1950 326 2010 sit
338 1951 463 2005 audacia.
497 1953 569 2005 Cum
581 1955 674 2004 autem
687 1967 782 2004 omnes
794 1951 979 2021 nonpossint,

136 2049 171 2085 ne
185 2029 268 2084 multi
283 2030 399 2101 quidem
413 2035 462 2084 aut
477 2030 545 2084 iuris
559 2031 644 2100 periti
659 2034 781 2083 essesut
796 2029 903 2100 diserti,
913 2030 980 2084 licct

136 2117 230 2164 tamen
245 2127 331 2182 opera
345 2111 477 2180 prodesse
490 2110 587 2164 multis
599 2109 734 2164 beneficia
745 2114 896 2180 petentem,
906 2127 980 2164 com-

136 2193 315 2246 mendantem
336 2191 487 2260 iudicibus,
505 2191 724 2260 magistratibus,
739 2190 907 2259 vigilantem
928 2207 980 2258 pro

135 2290 164 2325 re
183 2273 305 2341 alterius,
321 2267 368 2326 c'os
385 2270 470 2341 ipsos
483 2271 532 2339 qui
550 2275 599 2322 aut
615 2270 798 2322 consuluntur
817 2273 866 2322 aut
885 2269 980 2322 defen-

136 2355 217 2422 dunt,
232 2358 392 2424 rogantem:
413 2352 490 2420 quod
508 2349 558 2416 qui
575 2349 683 2401 faciunt
700 2348 853 2418 plurimum
871 2349 980 2418 gratiae

136 2440 345 2502 consequuntur
354 2431 544 2497 latissimeque
557 2445 652 2483 eorum
664 2433 760 2484 manat
769 2429 915 2484 industn'a.
935 2433 978 2484 68.

136 2514 196 2566 Iam
210 2513 283 2568 illud
298 2531 354 2567 non
369 2516 434 2567 sunt
448 2510 697 2564 admonendi—est
711 2509 786 2563 enim
800 2509 831 2562 in
845 2514 980 2579 promptu

135 2598 204 2661 ssut
223 2593 347 2646 animum
367 2592 523 2658 advertant,
542 2601 607 2642 cum
626 2589 721 2644 iuvare
741 2589 811 2642 alios
830 2589 928 2657 velint,
943 2605 979 2642 no

105 2682 107 2686 '
136 2687 208 2739 quos
217 2671 368 2726 offendant.
402 2672 490 2740 Saepe
502 2669 577 2723 enim
590 2674 639 2723 aut
649 2686 695 2724 eos
705 2671 829 2737 laedunt,
839 2684 910 2738 quos
921 2684 980 2722 non

136 2752 248 2818 debent,
258 2754 307 2802 aut
321 2766 376 2819 eos,
386 2767 456 2818 quos
468 2767 525 2804 non
539 2751 670 2820 expedit:
690 2751 714 2804 si
726 2751 919 2820 imprudentes
933 2769 980 2806 ne·

135 2829 293 2903 glegentiae
303 2834 360 2882 est:
373 2830 397 2882 si
407 2830 714 2898 scientes‚teme1itatis.
739 2831 884 2885 Utendum
893 2832 980 2887 ctiam

135 2918 178 2967 est
198 2909 378 2966 excusatione
400 2911 534 2963 adversus
555 2927 610 2978 eos,
626 2927 696 2979 quos
716 2910 822 2966 invitus
844 2912 981 2980 offendas,-

136 3007 311 3060 quacumque
326 2989 423 3058 possis,
438 3007 494 3056 qua
508 3007 537 3042 re
551 2991 591 3058 id,
602 2991 798 3060 quodseceris,
811 3007 922 3046 necesse
936 2993 979 3046 fu-

136 3074 189 3125 erit
202 3089 254 3125 nec
270 3071 351 3124 aliter
365 3069 455 3120 facere
472 3070 603 3136 potueris,
614 3070 767 3138 ceterisque
784 3071 876 3140 operis
895 3077 924 3125 et
938 3072 979 3125 of-

136 3151 206 3202 ficiis
218 3151 270 3202 erit
282 3149 322 3214 id,
334 3147 412 3214 quod
424 3145 560 3199 violatum
573 3152 622 3214 cst,
634 3150 879 3218 compensandum.
