2256 3448
148 170 195 217 166
457 167 506 214 Dll
526 165 678 216 (ruricus

147 261 243 316 eietati
265 277 352 330 eaque
372 262 435 330 lege
456 265 539 312 natus
561 260 598 312 sis
620 264 648 312 et
669 276 702 312 ea
723 257 826 312 habeas
842 255 990 328 principia

146 347 270 408 naturae,
285 341 387 408 quibus
405 356 502 409 parere
522 344 549 391 et
568 354 640 406 quae
659 339 738 404 sequi
757 337 868 404 debeas
884 341 917 388 ut
935 337 990 389 uti-

147 422 211 474 litas
232 427 282 474 tua
303 421 458 473 communis
482 421 518 472 sit
540 419 647 471 utilitas
667 417 843 486 vicissimque
866 434 989 471 eommu-

147 501 191 554 nis
215 501 323 554 utilitas
344 507 394 553 tua
418 501 462 568 sit,
483 500 587 553 celabis
611 499 738 552 homines
760 499 831 566 quid
852 499 888 557 iis
913 500 990 552 adsit

147 581 357 634 commoditatis
370 586 397 634 et
410 581 506 650 copiae
515 582 543 634 l''
575 577 769 648 Respondebit
782 579 924 648 Diogenes
936 579 990 632 for-

147 667 219 714 tasse
240 662 295 716 sic:
315 662 421 714 “Aliud
441 666 483 713 est
502 661 600 728 celare,
615 659 695 712 aliud
712 664 812 727 tacere,
825 675 916 726 neque
935 675 990 729 ego

147 757 222 794 nunc
236 745 264 794 te
280 743 347 809 celo,
358 741 382 792 si
394 740 449 792 tibi
462 757 519 792 non
532 739 597 792 dico
613 755 684 806 quae
698 742 798 792 natura
812 739 928 792 deorum
943 739 989 806 sit,

148 821 198 889 qui
216 821 253 874 sit
267 821 330 873 finis
348 823 493 886 bonorum,
507 836 578 888 quae
592 819 646 872 tibi
660 821 724 888 plus
740 819 906 888 prodessent
924 835 990 888 eog-

147 901 207 952 nita
222 917 306 968 quam
324 900 412 952 tritici
426 899 528 952 vilitas,
567 899 624 952 Sed
639 915 697 952 non
714 898 924 966 quidquidtibi
942 912 989 950 au·
1054 949 1060 960 ,

148 981 208 1032 dire
221 980 290 1032 utile
302 983 352 1046 est,
361 979 392 1031 iel
404 979 475 1030 mihi
486 979 579 1032 dicere
591 981 701 1032 necesse
714 981 860 1032 est.’'-53.
877 979 989 1030 “Immo

147 1061 236 1113 ver0’'
250 1059 359 1127 inquiet
377 1058 425 1111 ille
441 1061 576 1112 “necesse
595 1064 643 1126 est,
659 1059 684 1111 si
702 1059 818 1128 quidem
836 1058 990 1111 meministi

148 1156 206 1192 esse
219 1138 292 1191 inter
306 1139 434 1206 homines
452 1146 552 1192 natura
571 1139 750 1192 coniunctam
765 1139 990 1192 societaten1.”—

148 1218 287 1271 “Memini
296 1219 311 1248 ”
326 1218 436 1289 inquiet
455 1219 512 1286 ille,
528 1219 602 1272 “sed
622 1235 690 1271 num
709 1218 763 1270 ista
786 1219 903 1271 societas
924 1218 990 1271 talis

148 1305 197 1366 est,
211 1304 243 1352 ut
257 1299 330 1352 nihil
344 1317 425 1352 suum
444 1299 578 1368 cuiusque
597 1299 653 1353 siti
690 1299 813 1365 Quodsi
830 1299 871 1351 ita
890 1304 940 1367 est,
953 1316 990 1350 ne

105 1395 107 1402 ¹
148 1376 329 1433 vendendum
351 1369 465 1448 quidem
488 1379 644 1448 quidquam
665 1385 714 1445 est,
730 1379 781 1432 sed
799 1379 990 1432 donandum.”

148 1461 226 1512 XIII.
242 1461 330 1514 Vides
344 1460 374 1512 in
390 1462 443 1512 hae
457 1466 519 1512 tota
534 1459 738 1528 disceptatione
754 1475 811 1510 non
825 1459 898 1510 illud
914 1459 990 1512 dici:

149 1539 283 1605 Quamvis
302 1542 357 1592 hoe
376 1546 457 1609 turpe
477 1540 521 1606 sit,
540 1544 642 1606 tamen,
658 1539 790 1607 quoniam
811 1539 935 1608 expedit,
951 1539 990 1592 fu·

149 1620 228 1687 ciam,
242 1622 292 1673 sed
307 1621 347 1672 ita
362 1621 503 1690 expedire,
517 1625 549 1672 ut
564 1626 646 1689 turpe
663 1637 720 1672 non
735 1619 779 1688 sit,
793 1636 827 1672 ex
842 1621 929 1672 altera
944 1637 991 1672 au·

149 1705 206 1752 tem
224 1707 304 1769 parte
322 1717 354 1753 ea
372 1717 409 1768 re,
423 1701 488 1768 quia
506 1708 587 1769 turpe
607 1701 650 1767 sit,
666 1717 723 1752 non
745 1716 802 1753 esse
820 1699 989 1754 faciendum.

149 1781 192 1834 54.
208 1782 322 1834 Vendat
336 1781 419 1833 aedes
431 1781 474 1834 vir
488 1782 579 1834 bonus
594 1782 708 1851 pro'ptcr
723 1775 818 1848 aliqua
829 1781 908 1848 vitia,
919 1798 990 1850 quae

148 1860 209 1928 ipse
220 1860 303 1927 norit,
312 1863 398 1912 ceteri
410 1861 548 1930 ignorent,
557 1861 719 1930 pestilentes
732 1861 788 1914 sint
797 1868 826 1914 et
835 1861 1001 1914 habeantur.

149 1940 280 2006 salubres,
291 1939 436 2008 ignoretur
448 1940 478 1991 in
493 1942 622 1994 omuibus
637 1941 773 1994 cubiculis
788 1957 922 2009 apparere
937 1957 991 1994 ser-

149 2025 255 2089 pentes
265 2017 342 2072 male¹
352 2017 513 2072 materiatae
529 2021 593 2088 sint,
603 2021 740 2088 ruinosae,
752 2021 801 2074 sed
814 2023 867 2073 hoe
882 2027 992 2090 praeter

150 2100 296 2152 dominum
309 2117 390 2154 nemo
404 2101 487 2154 sciat:
508 2117 618 2169 quaero,
628 2101 651 2153 si
662 2103 731 2154 haec
744 2101 917 2170 emptoribus
926 2119 990 2154 ven-

150 2181 226 2234 ditor
247 2198 304 2233 non
327 2181 431 2234 dixerit
452 2183 590 2250 aedesque
611 2181 771 2234 vendiderit
790 2182 879 2250 pluris
901 2184 990 2234 multo

150 2277 234 2328 quam
248 2279 276 2314 se
289 2263 469 2314 venditurum
481 2262 594 2331 putarit,
604 2278 672 2314 num
684 2262 787 2314 iniuste
802 2270 851 2314 aut
863 2262 990 2332 improbe

149 2342 265 2394 feceritl
295 2343 369 2394 “Ille
383 2344 470 2394 rer0''
484 2342 577 2409 inquit
590 2342 745 2410 Antipater.
775 2345 816 2395 55.
833 2341 935 2407 “Quid
949 2347 990 2394 est

150 2422 224 2474 enim
244 2421 322 2474 aliud
343 2425 444 2475 erranti
462 2422 537 2474 viam
556 2438 613 2474 non
633 2413 793 2488 monstrare,
808 2423 885 2489 quod
903 2423 990 2474 Athe

149 2501 193 2553 nis
212 2503 450 2555 exsecrationibus
467 2501 589 2570 publicis
608 2509 734 2554 sanctum
753 2508 801 2567 est,
818 2501 840 2553 sl
860 2501 915 2554 hoc
935 2518 991 2554 non

150 2585 200 2648 est,
214 2587 368 2649 emptorem
382 2583 443 2652 pati
458 2597 535 2634 ruere
550 2586 579 2636 et
592 2597 643 2650 per
658 2599 776 2634 errorem
792 2581 822 2632 in
840 2581 991 2634 maximam

149 2659 279 2711 fraudem
297 2660 455 2715 incurreret
492 2661 560 2714 Plus
578 2662 662 2714 otiam
681 2667 723 2714 est
738 2677 822 2730 quam
840 2661 916 2714 viam
935 2677 991 2712 nou

149 2743 320 2793 monstrare:
339 2757 404 2793 nam
422 2745 464 2794 est
479 2741 612 2793 scientem
630 2741 661 2793 in
678 2758 796 2794 errorem
814 2743 933 2794 alterum
951 2742 991 2793 in·

151 2819 277 2871 ducere.”
314 2819 455 2888 Diogenes
477 2814 707 2874 contra:''“Num
729 2828 755 2874 te
777 2837 867 2874 emere
889 2821 991 2889 coegit,

151 2898 200 2966 qui
215 2913 250 2950 ne
266 2897 392 2952 hortatus
405 2901 520 2968 quidem
535 2903 594 2956 esti
630 2903 682 2955 Ille
698 2903 774 2970 quod
789 2918 847 2953 non
861 2903 992 2971 placebat

150 2976 321 3046 proscripsit,
329 2983 360 3029 tu
374 2981 452 3044 quod
461 2981 591 3046 placebat
604 2982 703 3036 emisti.
739 2982 822 3047 Quod
835 2981 917 3050 siqui
930 2997 992 3050 pro-

145 3057 278 3128 ¹scribunt
300 3056 411 3106 ‘villam
440 3057 542 3110 bonam
569 3061 694 3128 beneque
722 3055 913 3130 aedificatam,’
935 3079 992 3114 non

151 3133 347 3185 existimantur
361 3133 502 3198 fefellisse·
513 3137 597 3189 etiam
615 3139 639 3190 si
657 3140 707 3191 illa
725 3157 777 3192 nec
793 3142 866 3194 bona
885 3147 993 3195 estnec
