2256 3448
328 130 398 182 LIB.
415 130 478 192 111,
495 129 574 181 CAP.
590 129 638 181 IX.
659 130 704 193 X„
721 130 840 191 §89-46.
958 133 1007 182 163

165 217 346 286 ¹supplantaro
365 230 437 282 eum,
453 213 568 282 quicum
586 218 680 283 certet,
695 219 744 268 aut
761 231 846 268 manu
867 215 1007 286 depellere

164 297 243 349 nullo
264 295 351 348 modo
370 295 473 348 debetr
490 293 531 346 sic
550 293 581 346 in
599 294 659 348 vita
679 295 733 348 sibi
753 312 891 364 quemque
913 302 1007 364 petere

165 377 243 443 quod
257 374 398 445 pertineat
412 375 450 428 ad
465 390 546 428 usum
560 391 617 426 non
635 375 764 442 iniquum
779 380 828 444 cst,
841 377 921 430 alteri
936 377 1007 430 dari-

164 473 230 526 pere
248 456 293 508 ius
311 472 369 508 non
391 457 458 508 est.'’
494 457 538 510 43.
557 457 679 508 Maxime
698 461 791 510 autem
810 458 1008 526 perturbantur

164 537 257 592 officia
271 537 303 594 in
318 536 457 604 amicitiis,
471 537 574 604 quibus
589 542 618 590 et
632 537 826 592 contribuere
841 539 919 606 quod
933 543 1007 590 rect-e

164 619 254 688 possis
267 622 295 670 et
303 617 424 672 tribuere
435 617 513 686 quod
522 633 580 670 non
592 617 629 670 sit
642 633 762 685 aequum
774 622 872 672 contra
884 618 1007 672 officium

165 706 214 754 est.
252 700 308 753 Sed
327 698 411 754 huius
432 697 541 768 generis
560 698 648 752 totius
667 699 751 752 breve
771 703 799 752 et
817 715 874 751 nou
893 699 1007 752 difficile

164 784 346 850 praeceptum
365 782 414 833 est.
452 779 530 846 Quae
545 778 765 834 ouim'videntur
779 779 1006 848 utilio,:honores,

165 859 291 928 divitiae,
302 860 470 928 voluptates,
481 863 572 912 cetera
586 859 696 928 generis
710 859 844 928 eiusdem,
854 860 924 913 haec
940 859 1008 912 ami-

164 940 248 996 citiae
260 955 414 1008 numquam
429 940 626 1008 anteponenda
641 943 714 994 sunt.
751 941 792 994 At
805 957 896 1009 neque
911 945 1008 992 contra

165 1020 386 1090 rempublicam
407 1035 498 1088 neque
519 1020 681 1076 contraius
700 1020 849 1076 iurandum
870 1037 903 1075 nc
922 1020 1008 1074 fidem

165 1101 249 1155 amici
264 1117 348 1156 causa
362 1100 511 1156 virbonus
526 1100 618 1169 faciet,
631 1117 666 1154 ne
684 1100 708 1155 si
724 1101 812 1156 iudex
827 1091 941 1170 quidem
955 1099 1008 1154 erit

164 1183 201 1235 de
215 1182 279 1251 ipso
294 1181 393 1238 amica
429 1181 516 1236 Ponit
532 1181 607 1234 euim
621 1198 768 1250 personam
783 1183 875 1251 amici,
888 1199 952 1236 eum
966 1181 1008 1234 in-

165 1262 230 1316 duit
241 1261 352 1318 iudicis.
389 1263 512 1316 Tantum
526 1261 607 1318 dabit
619 1261 767 1329 amicitiae,
777 1266 809 1314 ut
817 1279 912 1314 veram
924 1261 1008 1316 amici

165 1359 278 1398 causam
292 1357 351 1398 esse
365 1341 455 1410 malit,
468 1346 501 1398 ιιι
516 1341 636 1397 orandae
652 1341 711 1395 litis
725 1346 837 1410 tempus
851 1343 947 1409 quoad
958 1357 1008 1410 per

164 1424 241 1493 leges
259 1422 343 1476 liceat
361 1423 563 1478 accommodet.
599 1422 642 1477 44.
663 1422 735 1476 Cum
751 1421 929 1478 veroiumto
948 1437 1008 1474 sen-

164 1504 253 1558 tentia
263 1502 385 1557 dicenda
396 1502 441 1571 sit,
448 1501 608 1560 meminerit
617 1503 702 1558 deum
714 1519 743 1558 se
756 1502 890 1558 adhibere
899 1506 1007 1568 testem,

163 1585 193 1639 id
208 1590 258 1652 est,
268 1587 301 1640 ut
315 1600 369 1653 ego
382 1583 509 1652 arbitror,
518 1587 643 1638 mentem
654 1599 740 1650 suam,
751 1599 807 1651 qua
818 1583 890 1646 nihil
899 1581 1008 1637 homiui

164 1665 247 1720 dedit
262 1665 332 1718 deus
346 1664 407 1734 ipse
422 1663 553 1718 divinius.
591 1664 690 1732 Itaque
705 1664 878 1733 praeclarum
892 1679 909 1718 a
923 1663 1008 1718 maio

163 1746 243 1800 ribus
258 1743 417 1814 accepimus
435 1759 541 1799 morem
559 1743 680 1813 rogandi
693 1743 804 1812 iudicis,
817 1743 841 1796 si
857 1759 919 1799 eum
933 1749 1008 1799 teue-

163 1842 265 1894 rsmus,
279 1839 361 1888 enan
381 1838 475 1878 saiva
492 1839 563 1878 sunu
581 1835 699 1880 raanan
719 1839 832 1880 rossum
869 1825 947 1880 Haec
966 1840 1008 1878 ro·

163 1906 243 1976 gatic
262 1906 301 1960 ad
321 1921 353 1958 ca
371 1904 501 1973 pertinet,
517 1920 589 1972 quae
607 1905 703 1974 paullo
726 1910 791 1962 ante
812 1904 874 1958 dixi
892 1907 1008 1960 honeste

162 1986 256 2042 amico
275 2002 292 2038 a
310 1983 405 2040 iudice
423 1997 506 2053 posse
524 1985 649 2038 concedi.
686 1985 809 2052 Nomai
831 1986 924 2042 omnia
941 1984 1009 2038 saci-

164 2066 238 2122 enda
256 2064 322 2131 sint,
335 2080 408 2131 quae
425 2064 509 2122 amici
523 2065 620 2131 velint,
633 2080 691 2120 non
709 2065 849 2120 amicitiae
866 2067 943 2133 tales,
959 2065 1008 2118 sed

164 2145 371 2202 coniurationes
393 2145 535 2213 putandae
556 2144 621 2202 sint.
657 2145 700 2200 45.
720 2146 833 2212 Loquor
856 2150 951 2198 autern
972 2145 1008 2198 de

164 2224 360 2282 communibus
378 2224 525 2282 amicitiis:
541 2241 611 2283 ,nam
629 2224 660 2281 iu
677 2224 852 2294 sapientibus
866 2225 934 2278 viris
948 2241 1008 2293 per-

164 2307 302 2373 fectisque
321 2304 395 2358 nihil
412 2309 506 2374 potest
525 2321 583 2358 esse
603 2306 668 2360 tale.
705 2307 862 2360 Damonem
880 2309 909 2358 et
923 2305 1009 2359 Phin-

164 2387 234 2440 tiam
246 2385 439 2454 Pythsgoreos
450 2386 544 2438 ferunt
555 2387 610 2438 hoc
626 2385 720 2443 animo
734 2385 809 2440 inter
823 2401 852 2440 se
864 2384 957 2453 fuisse,
968 2389 1008 2453 ut,

164 2483 229 2522 cum
242 2481 338 2526 eorum
350 2465 431 2520 alteri
440 2465 594 2533 Dionysius
603 2471 738 2534 tyrannus
747 2465 823 2520 diem
835 2465 913 2520 neeis
925 2465 1009 2520 desti-

164 2547 289 2602 navisset
310 2550 339 2600 et
358 2545 390 2613 is,
406 2545 457 2614 qui
476 2545 561 2600 morti
583 2546 714 2600 addictus
736 2549 814 2616 esset,
830 2562 935 2615 paucos
954 2545 1009 2600 sibi

166 2627 227 2682 dies
248 2627 538 2682 commendandorum
559 2641 672 2685 suorum
697 2643 780 2683 causa
801 2626 1008 2696 postulavisset,

164 2723 215 2763 vas
223 2707 315 2762 faetus
327 2707 365 2762 sit
377 2708 448 2760 alter
460 2708 519 2762 eius
532 2707 656 2774 sistendi,
667 2713 707 2775 ut,
718 2707 743 2762 si
754 2708 802 2766 ille
815 2725 872 2760 non
884 2707 1010 2762 revertis-

165 2794 215 2856 set,
226 2787 404 2842 moriendum
418 2791 489 2842 esset
501 2787 564 2857 ipsi.
603 2788 659 2855 Qui
673 2805 737 2844 cum
752 2790 790 2842 ad
803 2788 880 2843 diem
894 2805 922 2844 se
937 2804 1009 2842 rece-

165 2868 262 2938 pisset,
276 2867 431 2922 admiratus
450 2883 545 2922 eorum
560 2867 645 2923 fidem
663 2873 797 2936 tyrannus
812 2870 921 2940 pet-ivit,
934 2874 965 2922 ut
980 2884 1008 2920 se

165 2949 203 3004 ad
216 2948 371 3009 amicitiam
382 2947 497 3000 tertium
512 2948 688 3006 ascriberent.
725 2949 768 3004 4e.
785 2951 855 3004 Cum
867 2949 956 3018 igitur
968 2948 1008 3014 id,

165 3030 245 3098 quod
254 3029 325 3085 utile
335 3028 448 3082 videtur
459 3028 490 3080 in
503 3028 636 3097 amicitia,
645 3045 710 3084 cum
721 3046 763 3096 eo,
772 3031 850 3097 quod
860 3030 1009 3081 honestum

166 3117 217 3177 est,
230 3111 417 3178 eomparatur,
430 3108 520 3160 iaceat
537 3108 670 3162 utilitatis
688 3109 802 3177 species,
814 3108 907 3164 valeat
923 3107 1009 3162 hene-
