2256 3448
285 151 361 216 1111,Ι
372 165 434 227 111.,
449 164 527 214 (nar.
545 161 842 226 x1V.xv.,§ss-cr.
909 178 915 199 ι
937 161 982 211 roa

144 251 327 319 Reliquorum
339 253 431 302 autom
446 248 615 301 iudiciorum
627 247 697 300 haec
708 246 794 301 verba
805 241 925 298 maxime
937 261 983 298 ex-

144 333 265 386 cellunt:
290 331 320 382 in
342 329 458 383 arbitrio
479 328 519 381 rei
539 327 653 380 uxoriae
674 342 782 380 nnnrus
800 341 936 393 ausurus,
953 325 984 378 in

143 411 248 465 fiducia
270 425 309 463 un
330 425 423 462 mann
444 423 537 461 nouos
561 423 641 460 anun
662 421 763 460 sarna.
800 406 876 474 Quid
898 407 984 474 ergo'l

144 497 192 546 aut
206 493 238 545 in
253 507 294 558 eo,
308 505 387 554 ouon
405 504 515 542 maurus
533 503 668 554 audurus,
682 491 775 556 potest
789 489 847 540 ulla
861 503 925 556 pars
942 486 984 537 in-

144 589 202 626 esse
214 570 341 626 fraudis?
361 574 417 636 aut,
428 585 492 622 cum
504 567 609 620 dicitur
623 559 715 620 runnu
727 581 820 620 nouos
832 581 912 619 anun
922 579 985 618 acr-

144 668 192 722 111,
203 651 361 720 quidquam
373 649 421 720 agi
434 650 531 702 dolose
544 653 592 701 aut
604 647 742 700 malitiose
752 649 862 717 potest?
895 648 985 699 Dolus

144 738 237 785 autem
255 732 345 786 malus
362 730 394 783 in
411 729 597 796 simulatione,
610 733 642 781 ut
657 728 697 782 ait
711 727 849 797 Aquilius,
862 727 985 780 contine-

144 818 196 868 tur.
241 811 412 865 Tollendum
438 814 480 864 est
504 809 592 879 igitur
618 825 653 862 ex
677 809 761 861 rebus
787 807 985 861 contrahendis

144 909 226 945 omne
249 891 436 945 mendacium.
472 891 539 944 Non
561 889 750 942 illicitatorem
771 888 909 956 venditor,
927 903 985 939 non

145 972 193 1039 qui
206 977 303 1024 eontra
315 987 344 1024 se
353 971 471 1024 liceatur
482 975 592 1040 emptor
604 974 735 1040 apponet.
771 971 903 1037 Uterque,
912 968 935 1022 si
948 969 985 1022 ad

144 1052 334 1121 eloquendum
348 1051 465 1118 venerit,
478 1067 535 1103 non
549 1051 615 1118 plus
629 1067 714 1118 quam
732 1051 816 1102 semel
831 1051 984 1119 eloquetur.

145 1133 186 1186 62.
207 1133 240 1198 Q.
254 1132 369 1200 quidem
385 1133 518 1185 Scaevola
532 1132 617 1198 P.'F.,
627 1147 691 1183 cum
705 1131 873 1199 postulasset
884 1135 916 1183 ut
931 1129 986 1182 sibi

143 1211 256 1280 firndus,
276 1212 356 1265 ouius
380 1216 490 1281 emptor
513 1215 579 1277 erat,
599 1212 684 1264 semel
707 1210 877 1263 iudicaretur
899 1211 986 1278 idque

143 1292 276 1346 venditor
287 1291 328 1345 ita
340 1291 458 1359 fecisset,
468 1291 543 1344 dixit
555 1307 583 1344 se
592 1291 682 1359 pluris
694 1290 852 1343 aestimare:
872 1290 985 1343 addidit

144 1378 258 1426 centum
271 1371 358 1426 milia.
395 1373 487 1425 Nemo
502 1371 606 1439 estqui
621 1371 675 1422 hoc
689 1370 744 1422 viri
758 1371 826 1422 boni
840 1369 924 1423 fuisse
939 1387 985 1422 ne-

143 1457 200 1522 get,
220 1452 356 1522 sapientis
376 1457 488 1522 negant,
507 1457 540 1504 ut
562 1451 586 1504 si
608 1449 725 1503 minoris
746 1466 829 1519 quam
848 1451 985 1521 potuisset

143 1533 326 1588 vendidisset.
363 1534 441 1586 Haec
454 1525 599 1602 igiturest
610 1531 660 1584 illa
671 1531 814 1601 pernicies,
825 1534 902 1601 quod
916 1532 986 1585 alios

144 1615 243 1682 bonos,
262 1613 333 1667 alios
354 1613 494 1683 sapientes
517 1613 686 1667 existimant.
723 1613 767 1664 Ex
787 1628 842 1681 quo
863 1612 984 1666 Ennius:

144 1693 363 1763 “nequidquam
375 1709 471 1763 sapere
484 1692 646 1763 sapientem,
655 1692 704 1760 qui
715 1692 776 1762 ipse
789 1692 843 1745 sibi
855 1695 986 1764 prodesse

143 1791 201 1828 non
220 1774 339 1842 quiret.”
376 1775 448 1828 Vere
467 1773 499 1825 id
518 1772 639 1840 quidem,
656 1773 680 1824 si
700 1773 771 1842 quid
790 1779 862 1828 esset
879 1777 986 1845 “prod'-

144 1856 227 1907 csse”
245 1853 316 1906 milri
338 1853 516 1908 cuijnnio
540 1852 708 1908 conveniret.
746 1857 788 1908 63.
814 1856 986 1909 Hecatonem

145 1935 261 2004 quidem
273 1933 427 2001 Rhodium,
438 1933 607 2003 discipulum
619 1933 756 2002 Panaetii,
766 1934 849 1989 video
864 1936 894 1988 in
908 1937 943 1990 iis
955 1937 986 1989 li-

144 2016 211 2082 bris,
225 2030 296 2083 quos
309 2015 350 2074 dc¹
363 2014 462 2067 officiis
480 2014 599 2083 scripsit,
613 2015 645 2080 Q.
659 2015 799 2067 Tuberoni
816 2016 908 2070 dicere
922 2021 937 2046 ‘²
946 2034 986 2069 sa-

143 2095 248 2166 pientis
264 2111 322 2148 esse
338 2094 412 2147 nilril
427 2099 524 2147 contra
538 2110 636 2161 mores,
646 2095 729 2163 leges,
742 2093 871 2148 instituta
885 2096 986 2149 facien-

144 2183 202 2230 tem
216 2175 319 2227 habere
334 2174 472 2228 rationem
490 2174 531 2226 rei
545 2173 698 2227 familiaris.
735 2174 834 2242 Neque
853 2175 927 2228 euim
945 2193 986 2229 so

144 2257 202 2308 lum
214 2254 298 2308 nobis
311 2253 414 2307 divites
427 2270 485 2307 esse
497 2255 634 2321 volumus,
643 2254 693 2306 sed
702 2253 805 2321 liberis,
813 2255 986 2325 propinquis,

144 2335 242 2390 amicis
253 2334 429 2403 maximeque
442 2333 483 2387 rei
494 2333 632 2403 publicae.
670 2333 849 2403 Singulorum
862 2333 936 2388 enirn
948 2335 986 2388 il-

144 2418 264 2469 cultatcs
275 2419 305 2468 et
316 2414 415 2484 copiae
428 2413 545 2467 divitiae
558 2419 624 2466 sunt
637 2413 784 2467 civitatis.”
820 2414 896 2468 Huic
909 2416 987 2468 Scae·

144 2498 225 2551 volae
243 2494 358 2564 factum,
372 2495 408 2547 dc
423 2510 480 2563 quo
497 2495 595 2563 paullo
613 2497 678 2547 ante
696 2493 766 2562 dixi,
781 2494 890 2563 plaeere
908 2497 987 2549 nullo

144 2577 231 2629 modo
243 2579 346 2644 potest.
382 2574 496 2627 Etenim
511 2573 626 2627 omnino
638 2578 748 2627 tantum
761 2591 789 2628 se
803 2579 888 2644 negat
900 2576 988 2630 factu-

144 2671 207 2710 rum
222 2654 385 2730 compendii
400 2655 443 2707 sui
458 2670 540 2708 causa
553 2655 631 2722 quod
645 2671 703 2707 non
717 2655 808 2710 liceat.
845 2657 922 2712 Huic
936 2673 988 2711 nec

145 2736 206 2789 laus
218 2752 323 2805 magna
332 2735 483 2789 tribuenda
495 2751 547 2788 nec
561 2735 653 2804 gratia
666 2740 716 2789 est.
755 2738 798 2790 64.
817 2738 880 2806 Sed,
889 2738 948 2792 sive
960 2743 988 2792 et

145 2815 288 2870 simulatio
310 2820 339 2868 et
358 2815 544 2869 dissimulatio
563 2816 645 2869 dolus
662 2818 753 2870 malus
771 2821 820 2886 est,
833 2835 988 2888 perpaucae

145 2911 190 2948 res
204 2899 271 2950 sunt
285 2895 431 2964 inquibus
446 2911 503 2948 non
518 2896 600 2948 dolus
614 2898 706 2949 malus
720 2898 773 2950 iste
785 2903 916 2965 versetur,
929 2900 987 2951 sive

144 2977 190 3030 vir
204 2978 296 3030 bonus
314 2968 357 3029 est
371 2976 403 3044 is,
417 2976 467 3044 qui
481 2977 597 3046 prodest
611 2977 714 3044 quibus
730 2983 832 3048 potest,
845 2983 928 3031 nocet
941 2995 988 3030 ne-

145 3056 225 3125 mini,
235 3061 310 3110 certe
325 3057 411 3109 istum
427 3057 518 3109 virum
536 3057 642 3110 bonurn
660 3074 717 3110 non
731 3058 812 3111 filcile
827 3057 986 3126 reperimus

145 3137 310 3205 Numquam
331 3135 420 3206 igitur
440 3141 483 3190 cst
503 3135 573 3189 utile
592 3137 797 3206 pecua1·e,quiu
817 3151 924 3205 semper
945 3141 988 3190 est
