2256 3448
291 162 361 213 nm.
378 163 427 226 11.,
443 163 521 214 oar.
538 164 668 226 rm-xr„
685 163 699 224 a
714 166 803 214 eaeo.
926 169 973 214 129

123 248 287 316 instructos,
301 263 349 300 eos
363 252 546 300 contemnunt
558 248 674 316 quidem
686 249 858 318 neutiquam,
872 250 921 302 sed
937 251 972 303 de

127 327 172 380 his
183 328 257 382 male
270 326 440 382 existimant,
478 329 568 396 Quam
581 329 617 381 ob
629 345 695 397 rem,
705 333 738 381 ut
750 334 815 382 ante
828 329 897 398 dixi,
908 346 973 383 eon·

127 411 291 461 temnuntur
305 407 334 475 ii,
348 407 397 476 qui
414 409 490 460 “nec
508 408 563 461 sibi
579 425 630 462 nec
647 409 753 477 alteri,”
768 413 801 462 ut
818 410 929 478 dicitur,
942 410 972 464 in

128 487 231 557 quibus
254 489 348 541 nullus
369 488 457 556 labor,
474 490 552 542 nulla
572 489 720 556 industria,
737 491 815 543 nulla
836 507 902 544 cura
923 497 971 546 est.

129 571 171 622 37.
190 568 385 622 Admiratione
402 573 497 622 autem
513 569 683 622 adficiuntur
698 569 728 638 ii,
742 569 791 638 qui
808 571 914 624 anteire
930 587 973 624 ce-

59 701 61 706 ,
127 647 196 700 teris
213 648 317 702 virtute
337 651 474 718 putantur
493 653 522 701 et
543 665 608 702 cum
627 649 705 702 omni
724 665 816 702 carere
836 651 972 704 dedecore

128 733 190 780 tum
204 744 271 782 vero
289 728 325 780 iis
339 728 426 798 vitiis,
440 728 542 796 quibus
560 729 610 782 alii
624 745 682 781 non
697 728 779 782 facile
793 735 910 799 possunt
925 731 972 783 ob-

128 807 232 864 sistere
276 809 351 862 Nam
374 813 403 861 et
424 809 592 878 voluptates,
611 809 809 862 blandissimae
833 809 972 880 dominae,

128 887 242 944 maioris
254 887 341 958 partis
354 887 462 941 animos
474 889 603 942 avirtute
616 889 786 964 detorquent
798 893 833 958 e't,
844 891 972 944 dolorum

128 983 193 1020 cum
212 967 399 1031 admoventur
417 967 499 1042 facee,
514 973 623 1038 praeter
642 970 759 1024 medum
777 969 904 1040 plerique
925 981 972 1024 exss

128 1051 280 1102 terrentur:
299 1047 367 1115 vita,
376 1064 460 1116 mors,
473 1049 598 1118 divitiae,
608 1055 759 1119 paupertas
774 1055 869 1104 omnes
884 1051 972 1104 homi-

128 1144 178 1180 nes
192 1128 434 1198 vehementissime
452 1135 623 1199 permovent.
652 1131 739 1196 ,Quae
758 1131 807 1200 qui
822 1130 854 1195 in
870 1135 973 1185 utram-

129 1225 184 1278 que
213 1215 323 1278 partem
349 1211 460 1264 excelso
490 1210 585 1264 animo
614 1227 774 1280 magnoque
804 1213 972 1282 despiciunt,

128 1305 249 1358 cumque
268 1289 362 1358 aliqua
379 1290 415 1343 iis
433 1291 527 1360 ampla
545 1295 574 1343 et
591 1291 710 1344 honesta
728 1307 772 1344 res
792 1292 903 1346 obiecta
921 1297 972 1362 est,

128 1373 204 1422 totos
223 1371 261 1422 ad
276 1385 305 1423 se
323 1370 461 1426 convertit
476 1375 505 1423 et
517 1369 607 1440 rapit:
626 1374 688 1424 tum
703 1369 767 1438 quis
784 1387 841 1424 non
856 1372 973 1425 admire-

103 1469 107 1474 ·
127 1453 174 1510 tur
186 1450 364 1520 splendorem
375 1449 670 1519 pulchritudinemque
682 1450 814 1505 virtutisl
844 1452 894 1506 XI.
916 1455 971 1508 38.

127 1531 204 1600 Ergo
216 1531 328 1583 ethaeo
340 1530 427 1584 animi
439 1529 625 1600 despicientia
637 1530 885 1584 admirabilitatem
896 1549 973 1601 mag-

59 1619 60 1622 ’
127 1627 194 1664 nam
206 1610 276 1679 facit
288 1615 316 1664 et
328 1611 448 1664 maxime
462 1611 578 1680 iustitia,
591 1628 626 1664 ex
641 1627 697 1680 qua
710 1628 767 1664 una
778 1611 883 1666 virtute
895 1615 911 1642 “
919 1613 973 1668 viri

127 1690 222 1744 boni’'
240 1689 426 1761 appellantur,
441 1691 559 1744 mirifica
580 1693 719 1760 quaedam
737 1692 916 1746 multitudini
932 1693 973 1748 vi-

128 1773 219 1841 detur,
232 1787 284 1824 nec
297 1770 406 1826 iniuria.
443 1772 534 1825 Nemo
549 1771 624 1825 enim
635 1772 726 1830 iustus
738 1788 797 1826 esse
809 1778 910 1842 potest,
924 1774 973 1842 qui

127 1856 255 1920 mortem,
271 1851 321 1920 qui
339 1852 472 1920 dolorem,
486 1852 535 1920 qui
553 1852 690 1922 exsilium,
704 1853 754 1921 qui
772 1859 925 1924 egestatem
938 1855 974 1908 ti·

127 1939 185 1986 met
197 1937 246 1986 aut
258 1932 308 2000 qui
320 1948 360 2000 ea,
371 1949 441 2000 quae
454 1937 519 1986 sunt
531 1933 576 1986 his
588 1933 735 2002 contraria,
749 1935 885 2002 aequitati
897 1940 973 1989 cnte-

127 2012 217 2083 ponit.
253 2011 432 2080 Maximeque
447 2012 622 2066 admirautur
636 2030 707 2081 eum,
721 2014 771 2082 qui
782 2014 903 2083 pecunia
915 2029 974 2068 non

128 2097 263 2160 movetur,
277 2092 354 2162 quod
368 2091 399 2146 in
414 2108 471 2160 quo
485 2091 547 2146 viro
565 2098 742 2162 perspectum
760 2093 805 2161 sit,
818 2093 894 2147 huno
912 2095 974 2164 igni

128 2177 286 2244 spectatum
305 2173 485 2228 arbitrantur.
522 2173 623 2242 Itaque
641 2173 691 2226 illa
708 2172 770 2240 tria,
784 2189 855 2241 quae
873 2191 974 2244 propo-

127 2255 182 2308 sita
202 2257 267 2308 sunt
288 2255 327 2306 ad
347 2253 475 2324 gloriam,
494 2253 589 2306 omnia
609 2252 719 2306 iustitia
740 2253 861 2322 conficit,
879 2259 908 2307 et
928 2257 974 2308 be-

128 2333 326 2402 nevolentiam,
340 2335 417 2402 quod
431 2332 564 2405 prodesse
578 2336 641 2388 vult
655 2333 793 2404 plurimis,
806 2339 834 2388 et
849 2335 886 2388 ob
902 2351 974 2388 eam-

127 2416 194 2468 dem
218 2431 330 2468 eausam
350 2415 438 2468 fidem
463 2420 492 2468 et
516 2415 742 2482 admirationem,
760 2416 838 2483 quod
862 2431 908 2468 eas
923 2432 975 2469 res

128 2494 236 2565 spernit
252 2501 281 2548 et
298 2496 433 2566 neglegit,
447 2496 483 2550 ad
501 2512 572 2566 quas
590 2496 716 2566 plerique
734 2495 902 2550 inflammati
918 2495 974 2551 avi-

127 2576 218 2629 ditate
230 2575 385 2645 rapiuntur.
627 2626 632 2637 ,
847 2623 854 2633 .

163 2657 205 2709 39.
225 2655 268 2708 Ac
283 2672 345 2709 mea
355 2655 474 2723 quidem
488 2656 627 2710 sententia
642 2656 734 2710 omnis
747 2656 819 2710 ratio
835 2659 920 2726 atque
933 2657 974 2710 in-

127 2735 238 2789 stitutio
257 2735 333 2789 vitae
353 2736 516 2789 adiumenta
534 2736 682 2789 hominum
702 2737 852 2807 desiderat,
869 2738 900 2791 in
918 2738 974 2808 pri-

126 2815 244 2884 misque,
261 2813 300 2880 ut¹
315 2815 418 2870 habeat
440 2816 608 2884 quibuscum
629 2816 720 2885 possit
739 2816 889 2872 familiares
911 2835 974 2871 oon-

126 2895 199 2949 lcrre
219 2912 375 2962 sermones:
394 2897 473 2964 quod
492 2901 534 2949 est
554 2896 677 2964 difficile,
694 2896 750 2950 nisi
770 2899 890 2968 speciem
907 2915 975 2968 prac

125 2981 155 3030 te
169 2975 238 3030 boni
250 2976 305 3028 viri
317 2975 396 3030 feras.
433 2977 510 3045 Ergo
526 2976 611 3030 etiam
625 2977 752 3030 solitario
766 2978 878 3030 homini
890 2984 974 3046 atque

125 3055 157 3108 in
179 3073 249 3126 agro
267 3055 356 3109 vitam
376 3055 472 3125 agenti
491 3055 588 3124 opinio
607 3057 731 3110 iustitiae
751 3057 904 3109 neccssaria
924 3062 973 3123 est,

126 3152 216 3207 eoque
229 3137 317 3192 etiam
328 3137 426 3208 magis,
437 3137 524 3205 quod,
535 3153 596 3190 cam
608 3137 632 3190 si
644 3153 701 3189 non
715 3137 867 3204 habebunt,
877 3134 974 3189 iniusti
