2256 3448
250 91 251 94 ’
314 101 383 150 nm.
401 66 462 161 11'1„
479 99 557 151 oar.
574 100 622 150 vr.
639 101 712 162 vra,
730 101 744 160 l
759 103 848 152 rs-se.
959 105 1007 154 159

162 185 223 238 lens
233 183 379 236 hominum
393 189 421 236 et
434 183 468 252 ei,
479 199 563 252 quam
573 200 655 254 saepe
665 201 858 254 commemoro,
870 186 1007 240 humanae

162 265 299 318 societati.
333 267 374 318 32.
388 265 461 317 Nam
469 265 548 332 quod
558 265 595 318 ad
605 265 748 319 Phalarim
759 267 867 333 attinet,
875 267 1007 337 perfacile

161 345 302 398 iudicium
317 350 366 398 est.
403 345 490 397 Nulla
508 349 551 397 est
569 344 644 397 enim
659 347 776 399 societas
790 347 872 399 nobis
887 363 951 400 cum
965 353 1006 417 ty-

161 425 265 492 rannis,
279 429 308 477 et
322 424 418 494 potius
433 440 541 477 summa
556 424 702 500 flistractio
718 430 767 493 est,
780 443 870 495 neque
886 433 928 481 est
943 445 1006 481 con·
1070 437 1071 442 ’

161 509 344 558 tra'naturam
354 505 473 574 spoliare
483 521 555 573 eum,
564 503 589 556 si
600 505 698 574 possis,
708 521 791 574 quem
804 516 846 560 est
858 508 1006 562 honestum

105 631 111 640 .
161 601 269 654 necare,
286 590 369 655 atque
387 587 442 638 hoo
461 589 652 655 omne'genus
670 585 835 656 pestiferum
853 592 937 656 atque
955 589 1005 640 im·

161 666 242 734 pium
261 683 296 719 ex
314 666 461 719 hominum
479 665 678 719 communitate
698 659 941 720 exterminandum
955 673 1004 722 est.

161 747 276 798 Etenim
297 751 330 799 ut
351 747 475 799 membra
494 747 633 815 quaedam
655 751 843 818 amputantur,
856 747 881 799 si
899 752 927 800 ct
944 747 1005 817 ipsa

162 828 299 898 sanguine
314 831 343 880 et
357 831 501 896 tamquam
516 827 617 897 spiritu
636 843 729 882 carere
748 831 899 899 coeperunt
914 831 942 882 et
956 845 1004 881 no-

162 914 227 961 cent
245 908 360 978 reliquis
378 908 507 978 partibus
526 909 656 978 corporis,
671 910 711 964 sic
730 909 785 964 ista
803 911 834 962 in
851 911 940 980 ligura
954 909 1004 962 ho-

160 989 245 1042 minis
257 989 353 1043 feritas
364 995 391 1043 et
400 989 558 1043 immanitas
571 991 669 1044 beluae
681 1009 698 1052 a
711 991 852 1060 communi
861 997 1004 1061 tamquam

161 1071 336 1124 humanitate
351 1071 498 1140 [corporis]
514 1073 688 1141 segreganda
703 1077 753 1126 est.
790 1073 882 1125 Huius
894 1073 1004 1142 generis

161 1152 338 1218 quaestiones
352 1157 417 1205 sunt
430 1167 525 1205 omnes
537 1169 593 1220 eae,
604 1153 634 1204 in
644 1151 747 1228 quihus
759 1169 794 1205 ex
808 1157 933 1222 tempore
946 1153 1004 1206 offi-

98 1282 103 1291 ,
160 1231 415 1301 oiumexquiritur.
446 1234 510 1288 VII.
539 1235 580 1288 33.
596 1233 665 1286 Eius
677 1233 756 1285 modi
767 1233 856 1302 igitur
867 1234 950 1286 credo
960 1249 1003 1285 res

159 1313 327 1366 Panaetium
345 1318 558 1382 persecuturum
572 1312 666 1380 fuisse,
679 1313 735 1365 nisi
755 1313 843 1381 aliqui
861 1329 940 1366 casus
954 1317 1003 1364 aut

159 1393 308 1464 occupatio
328 1395 388 1446 eius
407 1393 555 1446 consilium
573 1393 744 1462 peremisset.
779 1395 827 1446 Ad
842 1407 910 1462 quas
927 1393 1002 1464 ipsas

159 1473 379 1527 consultationes
395 1490 430 1526 ex
445 1473 633 1542 superioribus
648 1473 728 1526 libris
744 1473 811 1526 satis
825 1474 914 1526 multa
925 1488 1002 1542 prae·
1060 1543 1061 1547 Ἰ

147 1560 242 1624 ‘cepta
254 1558 321 1606 sunt
334 1554 436 1622 quibus
450 1553 572 1624 perspici
587 1554 676 1622 possit
689 1555 758 1622 quid
771 1554 808 1606 sit
820 1558 935 1623 propter
946 1557 1002 1604 tur-

158 1634 320 1703 pitudinem
338 1634 514 1704 fugiendum,
527 1633 597 1702 quid
619 1634 656 1686 sit
674 1635 750 1702 quod
768 1634 875 1688 idcirco
893 1633 1002 1704 fugien-

159 1715 227 1768 dum
236 1731 295 1766 non
305 1715 349 1783 sit,
359 1715 436 1782 quod
446 1713 560 1766 omnino
569 1718 651 1784 turpe
663 1731 719 1766 non
732 1715 776 1768 sit.
805 1714 1001 1784 sedquoniam

159 1796 238 1864 operi
252 1795 386 1848 inchoato
404 1811 493 1865 prope
507 1799 601 1847 tamen
620 1795 749 1848 absoluto
763 1800 907 1864 tamquam
924 1795 1001 1849 fasti-

158 1877 238 1945 gium
252 1876 432 1946 imponimus,
445 1881 477 1928 ut
492 1879 651 1946 geometrae
669 1877 759 1928 solent
773 1893 832 1929 non
847 1878 940 1930 omnia
953 1878 1002 1929 do-

137 1973 143 1986 ¹
159 1973 229 2024 cere,
243 1957 294 2010 secl
308 1957 452 2026 postulare
466 1961 500 2009 ut
515 1957 654 2024 quaedam
670 1956 724 2008 sibi
738 1958 933 2023 concedantur,
945 1973 1000 2025 qno

158 2037 268 2090 facilius
281 2051 354 2104 quae
364 2039 464 2090 volunt
477 2037 626 2106 explicent,
635 2036 676 2088 sic
691 2052 744 2105 ego
760 2053 776 2088 a
790 2042 818 2088 te
833 2039 952 2104 postulo,
961 2036 1001 2088 mi
1040 2059 1043 2066 ν

159 2118 264 2184 Cicero,
283 2123 316 2169 ut
337 2117 408 2170 mihi
426 2119 572 2183 concedas,
590 2115 615 2168 si
635 2120 724 2185 potae,
742 2115 815 2167 nihil
834 2121 943 2184 praeter
960 2116 999 2182 id,

159 2198 236 2266 quod
248 2199 398 2250 honestum
412 2197 457 2264 sit,
468 2203 582 2266 propter
597 2212 626 2248 se
641 2211 699 2248 esse
715 2197 913 2263 expetendum.
951 2196 1000 2248 Sin

158 2279 212 2332 lroc
224 2295 282 2330 non
294 2278 360 2331 licet
369 2293 419 2347 por
427 2277 600 2347 Cratippum,
610 2281 639 2330 at
651 2276 724 2329 illud
737 2280 811 2328 certe
824 2276 913 2343 (labis,
922 2277 1000 2344 quod

158 2358 308 2412 honestum
321 2359 365 2424 sit,
375 2359 408 2412 id
423 2375 481 2412 esse
495 2357 617 2412 maxime
631 2361 746 2426 propter
760 2351 791 2408 se'
802 2357 998 2425 expetendum.

158 2439 231 2492 Mihi
242 2439 380 2492 utrumvis
393 2439 460 2492 satis
473 2443 522 2505 cst,
531 2441 560 2490 et
572 2442 633 2490 tum
642 2438 704 2506 hoo,
713 2441 773 2490 tum
785 2437 858 2488 illud
870 2436 999 2505 probabi-

158 2519 212 2572 lius
226 2520 341 2575 videtui·
359 2535 411 2572 neo
430 2523 572 2588 praeterea
591 2519 747 2586 quidquam
765 2517 918 2586 probabile.
956 2517 997 2570 34.

158 2601 200 2652 Ao
218 2600 341 2670 primum
358 2599 389 2652 in
407 2600 462 2652 hoc
479 2598 629 2653 Panaetius
647 2598 841 2651 defendendus
858 2602 908 2668 est,
921 2599 998 2666 quod

157 2694 213 2733 non
226 2681 309 2734 utilia
321 2697 385 2733 oum
398 2680 524 2732 honestis
538 2695 664 2750 pugnare
678 2679 830 2748 aliquando
842 2696 922 2749 posse
937 2679 998 2732 (lix-

157 2762 337 2828 erit-neque
352 2761 427 2814 enim
443 2761 469 2813 ei
483 2761 526 2813 fas
541 2760 684 2812 erat—sed
699 2777 739 2827 ea,
750 2777 821 2828 quae
836 2755 998 2814 viderentur

156 2841 244 2896 utilia.
283 2841 364 2895 Nihil
383 2857 449 2893 vero
471 2842 540 2893 utile
560 2841 637 2908 quod
661 2857 718 2892 non
741 2841 819 2894 idem
840 2843 996 2907 honestum,

155 2923 227 2976 nihil
239 2924 388 2975 honestum
401 2923 480 2990 qu'orl
491 2938 548 2972 non
560 2921 637 2972 idem
649 2921 723 2974 utile'
731 2922 775 2988 sit,
785 2939 866 2990 saepe
879 2925 998 2973 testatur

155 3009 296 3074 negatque
314 3004 402 3054 ullam
420 3007 526 3070 pestem
545 3001 677 3054 maiorem
695 3001 725 3053 in
744 3003 832 3054 vitam
851 3000 996 3053 hominum

154 3085 290 3140 invasisse
300 3099 384 3150 quam
396 3099 492 3135 eorum
505 3081 673 3152 opinionem,
682 3082 732 3150 qni
741 3081 795 3134 ista
806 3079 999 3134 distraxerint*
