2256 3448
122 144 170 192 184
435 141 483 188 DE
500 139 652 190 OFFICIIS

121 229 241 292 noceret,
256 225 305 292 qui
317 240 407 292 noque
418 224 501 277 irasci
514 225 584 277 solet
596 239 647 276 neo
659 222 782 276 nocere.”
815 223 894 275 Haeo
904 219 964 290 qui-

123 308 188 360 dem
199 305 271 358 ratio
283 321 341 357 non
353 305 444 374 magis
457 308 554 357 eontra
563 303 666 373 Reguli
678 319 762 371 quam
774 306 870 356 eontra
882 319 965 356 omne

122 388 166 440 ius
178 385 329 438 iurandum
341 378 424 439 valet.
463 386 518 438 Sed
532 385 560 436 in
573 385 631 437 iure
644 384 763 436 iura-ndo
777 400 835 435 non
847 383 897 451 qui
909 399 964 435 me·

122 473 177 535 tua,
188 466 238 518 sed
251 481 323 533 quae
335 465 378 518 vis
394 466 431 519 sit
444 455 528 518 debet
540 465 674 534 intellegi.
710 466 762 517 Est
776 464 851 516 enim
865 464 910 516 ius
924 464 965 516 iu-

123 547 243 600 randum
261 545 420 613 adfirmatio
436 545 575 614 religiosa.
613 545 698 612 Quod
713 548 806 597 autem
821 544 966 604 adfirmate

124 626 205 694 quasi
214 627 268 679 deo
277 630 347 680 teste
356 625 523 696 promiseris,
532 625 564 678 id
572 626 725 678 tenendum
738 628 787 678 est.
819 625 880 677 Iam
892 624 967 677 enim

123 724 181 760 non
198 707 320 760 aduam
335 706 459 798 deorum,
473 720 543 774 quae
558 721 596 758 nu
597 706 635 758 lla
650 709 706 774 est,-
704 706 764 759 sed
778 705 816 758 ad
830 703 919 758 iustit'
887 721 967 758 rram

124 793 153 842 et
168 789 206 841 ad
217 787 308 841 fidem
315 790 377 862 pert
378 787 444 841 inet.
424 787 555 840 tNum
566 787 708 856 praeclare
720 785 874 878 Ennius

201 910 222 956 Ο
234 910 310 956 Fides
322 911 388 955 alme
400 909 459 967 apta
470 909 555 967 pinnis
568 909 613 955 et
606 921 646 955 rus
659 871 794 955 iurandum
807 908 890 956 Iovis!

126 1026 201 1094 Qui'
194 1042 238 1078 rus
249 1025 338 1094 igitur
352 1025 502 1078 iurandum
513 1025 628 1093 violat·
620 1041 644 1078 rs
656 1025 742 1078 fidem
753 1024 850 1093 violat,
860 1026 876 1054 “
885 1041 969 1094 quarn

125 1107 156 1159 in
171 1105 311 1174 Carritolio
326 1103 450 1158 vicinam
464 1104 540 1157 Iovis
557 1105 658 1174 optimi
672 1105 814 1173 maximi,”
826 1109 858 1157 ut
873 1104 903 1156 in
919 1106 969 1158 Ca-

125 1185 201 1240 tonis
216 1183 342 1237 oratione
360 1189 409 1253 est,
423 1184 565 1238 “maiores
579 1185 667 1238 nostri
686 1201 744 1238 esse
758 1185 970 1238 vohrerunt.”—

128 1268 187 1320 105.
201 1267 261 1318 “At
275 1264 350 1318 enim
364 1281 399 1317 ne
414 1264 502 1317 iratus
515 1265 630 1332 quidem
642 1264 769 1334 Iuppiter
782 1265 847 1333 plus
859 1266 970 1334 Regulo
1010 1263 1012 1268 ’

126 1345 268 1400 nocuisset
285 1361 370 1414 quam
389 1345 443 1397 sibi
462 1345 560 1397 nocuit
577 1344 637 1414 ipse
655 1345 820 1416 Regulus’l
843 1345 932 1413 Certe,
946 1345 971 1398 si

126 1427 200 1480 nihil
215 1427 320 1480 malum
339 1429 410 1478 esset
428 1425 483 1477 nisi
502 1426 604 1479 dolere.
642 1425 677 1477 Id
697 1427 790 1498 autem
809 1441 867 1477 non
885 1426 970 1478 modo

127 1525 184 1560 non
197 1523 336 1561 summum
348 1507 461 1574 malum,
470 1506 519 1558 sed
532 1522 567 1559 ne
578 1505 810 1578 malumquidem
823 1521 882 1558 esse
894 1523 971 1559 max-

127 1589 184 1640 ima
205 1587 371 1640 auctoritate
389 1585 553 1655 philosophi
564 1585 729 1656 adfirmant,
768 1585 892 1651 Quorum
911 1587 971 1653 qui-

129 1668 193 1720 dem
205 1672 305 1728 testem
316 1683 374 1720 non
388 1665 565 1734 mediocrem,
574 1666 623 1719 sed
635 1666 712 1718 haud
725 1665 782 1719 scio
794 1682 830 1718 an
843 1667 971 1735 gravissi-

128 1763 205 1800 mum
215 1749 275 1816 Re
259 1749 355 1799 σιιιιιιιι
368 1745 440 1798 ιιοιιι
429 1750 456 1798 te
458 1762 584 1814 „quaeso
593 1745 757 1814 vituperare
795 1747 884 1812 Quem
897 1747 972 1800 enim

128 1827 348 1918 locupletiorem
355 1825 514 1894 quaerimus
529 1841 613 1904 quam
630 1825 785 1894 principem
802 1827 911 1896 populi
908 1828 971 1879 Ro·

128 1907 202 1959 mani
206 1907 280 1981 ,qui
284 1911 325 1958 ret
314 1895 425 1958 tinendi
437 1905 522 1957 offieii
534 1921 616 1958 eausa
629 1905 782 1958 cruciatum
797 1906 916 1958 subierit
924 1923 972 1961 vo-

129 1968 301 2039 luntariuml¹
338 1985 412 2037 Nam
425 1984 503 2050 quod
517 1983 631 2052 aiunt,“
640 1983 756 2037 minima
771 1985 806 2037 de
820 1985 909 2052 mohs
912 1987 927 2014 ’²
939 1985 972 2038 1d

129 2071 179 2135 est,
193 2071 224 2118 ιιι
238 2064 357 2135 turpiter
375 2063 569 2134 potiusquam
587 2064 699 2117 calamit
688 2068 756 2131 t,ose
771 2081 806 2116 an
825 2070 867 2117 est
882 2067 972 2118 ιιιιιιιιι

129 2148 219 2201 maius
232 2149 336 2212 malum
348 2145 438 2214 turpit
427 2145 526 2198 tudine
536 2147 551 2211 ι
566 2161 636 2213 quae
648 2145 673 2197 si
685 2145 714 2198 in
725 2144 900 2198 deformitate
914 2163 972 2198 eor-

130 2229 205 2296 poris
220 2228 307 2280 habet
322 2225 430 2294 aliquid
446 2225 611 2293 offensionis,
625 2229 736 2292 quanta·
745 2225 794 2276 illa
809 2226 972 2293 depravatio

131 2312 159 2359 et
168 2307 288 2359 foeditas
298 2304 451 2376 turpificati
464 2304 551 2358 animi
564 2305 648 2358 debet
657 2304 763 2359 viderit
784 2327 787 2332 ·
802 2307 860 2357 106.
874 2307 973 2375 Itaque

131 2388 275 2441 nervosius
291 2387 340 2458 qui
357 2386 412 2440 ista
427 2385 568 2438 disserunt
583 2386 674 2437 solum
692 2385 798 2437 audent
814 2387 919 2438 malum
932 2387 973 2439 di-

131 2485 192 2520 cere
207 2468 246 2536 id,
258 2467 335 2535 quod
349 2471 432 2535 turpe
447 2465 491 2533 sit,
503 2465 552 2533 qui
567 2469 659 2518 autem
674 2463 820 2532 remissius,
833 2465 865 2517 hi
879 2469 974 2519 tamen

131 2565 189 2600 non
213 2548 346 2600 dubitant
371 2561 510 2599 summum
534 2547 639 2599 malum
664 2546 764 2599 dicere.
802 2547 876 2600 Num
900 2547 974 2602 illud

132 2626 256 2695 quidem,

277 2749 366 2806 Neque
379 2749 437 2795 dedi
450 2760 533 2806 neque
545 2749 578 2794 do
590 2749 687 2796 infideli
699 2749 826 2808 cuiquam,
892 2727 894 2732 ι

132 2863 238 2917 ideireo
251 2866 354 2915 recten
362 2867 454 2932 poeta,
463 2862 537 2930 quia,
546 2867 787 2917 eumtraetoretur
795 2865 905 2934 Atreus,
914 2881 975 2934 per-

134 2959 217 2996 sonae
235 2942 412 2994 serviendum
427 2942 488 2996 fuit.
527 2943 582 2996 Sed
597 2943 621 2995 si
636 2945 690 2996 hoe
709 2944 763 2996 sibi
781 2951 900 3013 sument,
913 2947 974 2998 nul-

17 3035 19 3096 ᾗ
53 3078 56 3083 ,
134 3024 190 3075 lam
205 3022 358 3076 essefidem
371 3037 441 3088 quae
456 3021 564 3074 infideli
577 3025 644 3076 data
659 3024 877 3090 sit,videantne
891 3042 975 3093 quae-

135 3107 210 3154 ratur
229 3103 335 3154 latebra
354 3099 482 3168 periurio
522 3104 580 3154 107.
599 3103 651 3154 Est
672 3103 716 3155 ius
738 3104 822 3156 etiam
841 3105 975 3160 bellicum
