<?xml version="1.0" encoding="UTF-8"?>
<!DOCTYPE html PUBLIC "-//W3C//DTD XHTML 1.0 Transitional//EN"
    "http://www.w3.org/TR/xhtml1/DTD/xhtml1-transitional.dtd">
<html xmlns="http://www.w3.org/1999/xhtml" xml:lang="en" lang="en">
 <head>
  <title>
</title>
<meta http-equiv="Content-Type" content="text/html;charset=utf-8" />
  <meta name='ocr-system' content='tesseract 3.04.00' />
  <meta name='ocr-capabilities' content='ocr_page ocr_carea ocr_par ocr_line ocrx_word'/>
</head>
<body>
  <div class='ocr_page' id='page_1' title='image "./mtulliiciceroni01longgoog_0014.png"; bbox 0 0 2272 3442; ppageno 0'>
   <div class='ocr_carea' id='block_1_1' title="bbox 346 144 1008 209">
    <p class='ocr_par' dir='ltr' id='par_1_1' title="bbox 346 144 1008 209">
     <span class='ocr_line' id='line_1_1' title="bbox 346 144 1008 209; baseline 0.008 -15"><span class='ocrx_word' id='word_1_1' title='bbox 346 147 437 195; x_wconf 77' lang='lat' dir='ltr'>CATO</span> <span class='ocrx_word' id='word_1_2' title='bbox 454 144 602 209; x_wconf 83' lang='lat' dir='ltr'><strong>MAJOR.&#39;</strong></span> <span class='ocrx_word' id='word_1_3' title='bbox 622 147 699 198; x_wconf 84' lang='lat' dir='ltr'><strong>cAP.</strong></span> <span class='ocrx_word' id='word_1_4' title='bbox 718 149 759 199; x_wconf 82' lang='lat'><strong>11:</strong></span> <span class='ocrx_word' id='word_1_5' title='bbox 775 149 830 204; x_wconf 73' lang='lat'>111.</span> <span class='ocrx_word' id='word_1_6' title='bbox 993 154 1008 199; x_wconf 91' lang='grc'>3</span> 
     </span>
    </p>
   </div>
   <div class='ocr_carea' id='block_1_2' title="bbox 158 225 1009 1811">
    <p class='ocr_par' dir='ltr' id='par_1_2' title="bbox 158 225 1009 1054">
     <span class='ocr_line' id='line_1_2' title="bbox 159 225 1009 294; baseline 0.001 -12"><span class='ocrx_word' id='word_1_7' title='bbox 159 225 233 294; x_wconf 76' lang='lat' dir='ltr'><strong>Quid</strong></span> <span class='ocrx_word' id='word_1_8' title='bbox 244 230 287 282; x_wconf 80' lang='lat' dir='ltr'><strong>ert</strong></span> <span class='ocrx_word' id='word_1_9' title='bbox 301 226 374 280; x_wconf 86' lang='lat' dir='ltr'><strong>eninr</strong></span> <span class='ocrx_word' id='word_1_10' title='bbox 392 226 467 280; x_wconf 89' lang='lat' dir='ltr'><strong>aliud</strong></span> <span class='ocrx_word' id='word_1_11' title='bbox 487 227 634 294; x_wconf 80' lang='lat' dir='ltr'>Gigantum</span> <span class='ocrx_word' id='word_1_12' title='bbox 650 227 732 280; x_wconf 92' lang='lat' dir='ltr'><strong>modo</strong></span> <span class='ocrx_word' id='word_1_13' title='bbox 748 227 852 282; x_wconf 87' lang='lat' dir='ltr'><strong>bellare</strong></span> <span class='ocrx_word' id='word_1_14' title='bbox 868 244 930 282; x_wconf 91' lang='lat' dir='ltr'><strong>cum</strong></span> <span class='ocrx_word' id='word_1_15' title='bbox 947 227 1009 283; x_wconf 88' lang='lat' dir='ltr'><strong>Diis</strong></span> 
     </span>
     <span class='ocr_line' id='line_1_3' title="bbox 158 304 1005 372; baseline -0.001 -15"><span class='ocrx_word' id='word_1_16' title='bbox 158 304 209 358; x_wconf 90' lang='lat' dir='ltr'><strong>nisi</strong></span> <span class='ocrx_word' id='word_1_17' title='bbox 230 307 345 357; x_wconf 85' lang='lat' dir='ltr'><strong>naturae</strong></span> <span class='ocrx_word' id='word_1_18' title='bbox 369 305 541 371; x_wconf 76' lang='lat' dir='ltr'><strong>repugnaret</strong></span> <span class='ocrx_word' id='word_1_19' title='bbox 584 311 606 358; x_wconf 87' lang='lat'><strong>6.</strong></span> <span class='ocrx_word' id='word_1_20' title='bbox 637 304 769 358; x_wconf 62' lang='lat' dir='ltr'><strong>latemus.</strong></span> <span class='ocrx_word' id='word_1_21' title='bbox 812 305 907 372; x_wconf 80' lang='lat' dir='ltr'><strong>Atqui.</strong></span> <span class='ocrx_word' id='word_1_22' title='bbox 932 304 1005 366; x_wconf 83' lang='lat' dir='ltr'><strong>Cato,</strong></span> 
     </span>
     <span class='ocr_line' id='line_1_4' title="bbox 158 379 1007 449; baseline 0 -17"><span class='ocrx_word' id='word_1_23' title='bbox 158 379 343 448; x_wconf 83' lang='lat' dir='ltr'><strong>gratissimum</strong></span> <span class='ocrx_word' id='word_1_24' title='bbox 367 379 452 444; x_wconf 88' lang='lat' dir='ltr'><strong>uobis,</strong></span> <span class='ocrx_word' id='word_1_25' title='bbox 476 382 508 432; x_wconf 92' lang='grc' dir='ltr'><strong>ιιι</strong></span> <span class='ocrx_word' id='word_1_26' title='bbox 536 379 619 434; x_wconf 84' lang='lat' dir='ltr'><strong>etiam</strong></span> <span class='ocrx_word' id='word_1_27' title='bbox 647 396 698 448; x_wconf 92' lang='lat' dir='ltr'><strong>pro</strong></span> <span class='ocrx_word' id='word_1_28' title='bbox 723 380 847 449; x_wconf 82' lang='lat' dir='ltr'><strong>Scipione</strong></span> <span class='ocrx_word' id='word_1_29' title='bbox 871 379 1007 448; x_wconf 89' lang='lat' dir='ltr'><strong>pollicear,</strong></span> 
     </span>
     <span class='ocr_line' id='line_1_5' title="bbox 158 454 1008 524; baseline -0.001 -16"><span class='ocrx_word' id='word_1_30' title='bbox 158 456 261 519; x_wconf 88' lang='lat' dir='ltr'><strong>feceris,</strong></span> <span class='ocrx_word' id='word_1_31' title='bbox 287 455 315 518; x_wconf 86' lang='lat' dir='ltr'><strong>si,</strong></span> <span class='ocrx_word' id='word_1_32' title='bbox 337 454 463 523; x_wconf 88' lang='lat' dir='ltr'><strong>quoniam</strong></span> <span class='ocrx_word' id='word_1_33' title='bbox 488 471 628 522; x_wconf 89' lang='lat' dir='ltr'><strong>speramus</strong></span> <span class='ocrx_word' id='word_1_34' title='bbox 652 455 775 508; x_wconf 82' lang='lat' dir='ltr'><strong>volumus</strong></span> <span class='ocrx_word' id='word_1_35' title='bbox 799 455 910 524; x_wconf 87' lang='lat' dir='ltr'><strong>quidenr</strong></span> <span class='ocrx_word' id='word_1_36' title='bbox 933 460 1008 508; x_wconf 86' lang='lat' dir='ltr'><strong>certe</strong></span> 
     </span>
     <span class='ocr_line' id='line_1_6' title="bbox 159 531 1009 600; baseline -0.002 -16"><span class='ocrx_word' id='word_1_37' title='bbox 159 547 238 584; x_wconf 89' lang='lat' dir='ltr'><strong>senes</strong></span> <span class='ocrx_word' id='word_1_38' title='bbox 250 532 318 597; x_wconf 90' lang='lat' dir='ltr'><strong>fieri,</strong></span> <span class='ocrx_word' id='word_1_39' title='bbox 330 531 417 584; x_wconf 91' lang='lat' dir='ltr'><strong>multo</strong></span> <span class='ocrx_word' id='word_1_40' title='bbox 429 534 494 584; x_wconf 89' lang='lat' dir='ltr'><strong>ente</strong></span> <span class='ocrx_word' id='word_1_41' title='bbox 506 547 523 583; x_wconf 92' lang='lat' dir='ltr'><strong>a</strong></span> <span class='ocrx_word' id='word_1_42' title='bbox 534 535 563 583; x_wconf 91' lang='lat' dir='ltr'><strong>te</strong></span> <span class='ocrx_word' id='word_1_43' title='bbox 576 531 752 584; x_wconf 80' lang='lat' dir='ltr'><strong>didicerimus</strong></span> <span class='ocrx_word' id='word_1_44' title='bbox 765 531 863 600; x_wconf 87' lang='lat' dir='ltr'><strong>quibus</strong></span> <span class='ocrx_word' id='word_1_45' title='bbox 881 531 1009 584; x_wconf 84' lang='lat' dir='ltr'><strong>facillimo</strong></span> 
     </span>
     <span class='ocr_line' id='line_1_7' title="bbox 159 605 1008 678; baseline -0.005 -18"><span class='ocrx_word' id='word_1_46' title='bbox 159 607 310 660; x_wconf 84' lang='lat' dir='ltr'><strong>rationibus</strong></span> <span class='ocrx_word' id='word_1_47' title='bbox 318 605 551 674; x_wconf 77' lang='lat' dir='ltr'><strong>ingravescentem</strong></span> <span class='ocrx_word' id='word_1_48' title='bbox 560 607 680 662; x_wconf 83' lang='lat' dir='ltr'><strong>aetatem</strong></span> <span class='ocrx_word' id='word_1_49' title='bbox 689 608 762 662; x_wconf 89' lang='lat' dir='ltr'><strong>ferre</strong></span> <span class='ocrx_word' id='word_1_50' title='bbox 771 607 912 678; x_wconf 88' lang='lat' dir='ltr'><strong>possimus.</strong></span> <span class='ocrx_word' id='word_1_51' title='bbox 926 607 1008 662; x_wconf 73' lang='lat' dir='ltr'><strong>Oeno.</strong></span> 
     </span>
     <span class='ocr_line' id='line_1_8' title="bbox 161 680 1009 752; baseline 0.002 -17"><span class='ocrx_word' id='word_1_52' title='bbox 161 680 269 735; x_wconf 80' lang='lat' dir='ltr'><strong>Faciam</strong></span> <span class='ocrx_word' id='word_1_53' title='bbox 287 698 359 748; x_wconf 88' lang='lat' dir='ltr'><strong>vero,</strong></span> <span class='ocrx_word' id='word_1_54' title='bbox 378 682 460 749; x_wconf 88' lang='lat' dir='ltr'><strong>Laeli,</strong></span> <span class='ocrx_word' id='word_1_55' title='bbox 479 683 641 750; x_wconf 87' lang='lat' dir='ltr'><strong>praesertim</strong></span> <span class='ocrx_word' id='word_1_56' title='bbox 659 683 681 736; x_wconf 90' lang='lat' dir='ltr'><strong>si</strong></span> <span class='ocrx_word' id='word_1_57' title='bbox 700 684 811 752; x_wconf 84' lang='lat' dir='ltr'><strong>utrique</strong></span> <span class='ocrx_word' id='word_1_58' title='bbox 830 687 958 749; x_wconf 88' lang='lat' dir='ltr'><strong>vestrum,</strong></span> <span class='ocrx_word' id='word_1_59' title='bbox 977 688 1009 737; x_wconf 90' lang='lat' dir='ltr'><strong>ut</strong></span> 
     </span>
     <span class='ocr_line' id='line_1_9' title="bbox 159 757 1007 827; baseline 0.001 -16"><span class='ocrx_word' id='word_1_60' title='bbox 159 757 234 826; x_wconf 87' lang='lat' dir='ltr'><strong>dieis,</strong></span> <span class='ocrx_word' id='word_1_61' title='bbox 250 761 360 827; x_wconf 81' lang='lat' dir='ltr'><strong>gratum</strong></span> <span class='ocrx_word' id='word_1_62' title='bbox 372 758 495 811; x_wconf 88' lang='lat' dir='ltr'><strong>futurum</strong></span> <span class='ocrx_word' id='word_1_63' title='bbox 508 761 558 811; x_wconf 90' lang='lat' dir='ltr'><strong>est.</strong></span> <span class='ocrx_word' id='word_1_64' title='bbox 595 759 681 813; x_wconf 81' lang='lat' dir='ltr'><strong>Lanu.</strong></span> <span class='ocrx_word' id='word_1_65' title='bbox 717 759 850 812; x_wconf 81' lang='lat' dir='ltr'>Volumus</span> <span class='ocrx_word' id='word_1_66' title='bbox 868 775 939 824; x_wconf 87' lang='lat' dir='ltr'><strong>sane,</strong></span> <span class='ocrx_word' id='word_1_67' title='bbox 956 759 1007 812; x_wconf 90' lang='lat' dir='ltr'><strong>nisi</strong></span> 
     </span>
     <span class='ocr_line' id='line_1_10' title="bbox 159 834 1008 908; baseline 0.002 -22"><span class='ocrx_word' id='word_1_68' title='bbox 159 835 302 888; x_wconf 88' lang='lat' dir='ltr'><strong>molestum</strong></span> <span class='ocrx_word' id='word_1_69' title='bbox 315 837 364 908; x_wconf 65' lang='lat' dir='ltr'><strong>est,</strong></span> <span class='ocrx_word' id='word_1_70' title='bbox 375 834 450 900; x_wconf 86' lang='lat' dir='ltr'><strong>Cato,</strong></span> <span class='ocrx_word' id='word_1_71' title='bbox 462 838 602 902; x_wconf 80' lang='lat' dir='ltr'><strong>tamquam</strong></span> <span class='ocrx_word' id='word_1_72' title='bbox 614 835 722 902; x_wconf 85' lang='lat' dir='ltr'><strong>longam</strong></span> <span class='ocrx_word' id='word_1_73' title='bbox 734 835 854 902; x_wconf 81' lang='lat' dir='ltr'><strong>aliquam</strong></span> <span class='ocrx_word' id='word_1_74' title='bbox 866 834 936 888; x_wconf 86' lang='lat' dir='ltr'><strong>vium</strong></span> <span class='ocrx_word' id='word_1_75' title='bbox 947 851 1008 888; x_wconf 91' lang='lat' dir='ltr'><strong>con-</strong></span> 
     </span>
     <span class='ocr_line' id='line_1_11' title="bbox 158 909 1009 978; baseline 0 -16"><span class='ocrx_word' id='word_1_76' title='bbox 158 909 255 962; x_wconf 82' lang='lat' dir='ltr'><strong>feceris</strong></span> <span class='ocrx_word' id='word_1_77' title='bbox 267 927 349 978; x_wconf 87' lang='lat' dir='ltr'><strong>quam</strong></span> <span class='ocrx_word' id='word_1_78' title='bbox 361 909 440 963; x_wconf 91' lang='lat' dir='ltr'><strong>nobis</strong></span> <span class='ocrx_word' id='word_1_79' title='bbox 453 927 562 978; x_wconf 91' lang='lat' dir='ltr'><strong>quoque</strong></span> <span class='ocrx_word' id='word_1_80' title='bbox 578 910 786 978; x_wconf 83' lang='lat' dir='ltr'><strong>ingrediendum</strong></span> <span class='ocrx_word' id='word_1_81' title='bbox 805 911 848 976; x_wconf 86' lang='lat' dir='ltr'><strong>sit,</strong></span> <span class='ocrx_word' id='word_1_82' title='bbox 866 910 937 964; x_wconf 89' lang='lat' dir='ltr'><strong>istuc</strong></span> <span class='ocrx_word' id='word_1_83' title='bbox 954 927 1009 978; x_wconf 88' lang='lat' dir='ltr'><strong>qno</strong></span> 
     </span>
     <span class='ocr_line' id='line_1_12' title="bbox 158 985 563 1054; baseline 0 -16"><span class='ocrx_word' id='word_1_84' title='bbox 158 985 306 1054; x_wconf 78' lang='lat' dir='ltr'><strong>pervenisti</strong></span> <span class='ocrx_word' id='word_1_85' title='bbox 319 985 413 1038; x_wconf 70' lang='lat' dir='ltr'><strong>vidae</strong></span> <span class='ocrx_word' id='word_1_86' title='bbox 426 987 507 1054; x_wconf 89' lang='lat' dir='ltr'><strong>quale</strong></span> <span class='ocrx_word' id='word_1_87' title='bbox 520 987 563 1039; x_wconf 87' lang='lat' dir='ltr'><strong>sit.</strong></span> 
     </span>
    </p>

    <p class='ocr_par' dir='ltr' id='par_1_3' title="bbox 158 1061 1009 1811">
     <span class='ocr_line' id='line_1_13' title="bbox 213 1061 1008 1132; baseline 0 -18"><span class='ocrx_word' id='word_1_88' title='bbox 213 1062 268 1115; x_wconf 91' lang='lat' dir='ltr'><strong>lll.</strong></span> <span class='ocrx_word' id='word_1_89' title='bbox 309 1065 332 1118; x_wconf 85' lang='lat'><strong>7.</strong></span> <span class='ocrx_word' id='word_1_90' title='bbox 363 1062 447 1116; x_wconf 71' lang='lat' dir='ltr'><strong>Orno.</strong></span> <span class='ocrx_word' id='word_1_91' title='bbox 484 1062 594 1114; x_wconf 82' lang='lat' dir='ltr'><strong>Faciem</strong></span> <span class='ocrx_word' id='word_1_92' title='bbox 615 1065 647 1116; x_wconf 92' lang='grc' dir='ltr'><strong>ιιι</strong></span> <span class='ocrx_word' id='word_1_93' title='bbox 671 1065 775 1132; x_wconf 89' lang='lat' dir='ltr'><strong>potero,</strong></span> <span class='ocrx_word' id='word_1_94' title='bbox 801 1063 884 1118; x_wconf 87' lang='lat' dir='ltr'><strong>Laeli.</strong></span> <span class='ocrx_word' id='word_1_95' title='bbox 921 1061 1008 1130; x_wconf 80' lang='lat' dir='ltr'><strong>Saepo</strong></span> 
     </span>
     <span class='ocr_line' id='line_1_14' title="bbox 158 1137 1006 1207; baseline 0.002 -17"><span class='ocrx_word' id='word_1_96' title='bbox 158 1137 230 1190; x_wconf 90' lang='lat' dir='ltr'><strong>enim</strong></span> <span class='ocrx_word' id='word_1_97' title='bbox 242 1137 354 1191; x_wconf 78' lang='lat' dir='ltr'><strong>interlui</strong></span> <span class='ocrx_word' id='word_1_98' title='bbox 364 1137 483 1206; x_wconf 82' lang='lat' dir='ltr'><strong>querelis</strong></span> <span class='ocrx_word' id='word_1_99' title='bbox 492 1154 614 1190; x_wconf 89' lang='lat' dir='ltr'><strong>meorum</strong></span> <span class='ocrx_word' id='word_1_100' title='bbox 624 1138 895 1207; x_wconf 85' lang='lat' dir='ltr'><strong>aequalium—pares</strong></span> <span class='ocrx_word' id='word_1_101' title='bbox 906 1143 1006 1199; x_wconf 86' lang='lat' dir='ltr'><strong>eutem,</strong></span> 
     </span>
     <span class='ocr_line' id='line_1_15' title="bbox 158 1213 1009 1282; baseline 0 -16"><span class='ocrx_word' id='word_1_102' title='bbox 158 1217 252 1267; x_wconf 82' lang='lat' dir='ltr'><strong>vetere</strong></span> <span class='ocrx_word' id='word_1_103' title='bbox 263 1213 414 1281; x_wconf 88' lang='lat' dir='ltr'><strong>proverbio,</strong></span> <span class='ocrx_word' id='word_1_104' title='bbox 427 1229 489 1266; x_wconf 91' lang='lat' dir='ltr'><strong>cum</strong></span> <span class='ocrx_word' id='word_1_105' title='bbox 500 1213 611 1280; x_wconf 89' lang='lat' dir='ltr'><strong>paribus</strong></span> <span class='ocrx_word' id='word_1_106' title='bbox 628 1213 756 1267; x_wconf 84' lang='lat' dir='ltr'><strong>facillimo</strong></span> <span class='ocrx_word' id='word_1_107' title='bbox 774 1219 1009 1282; x_wconf 81' lang='lat' dir='ltr'><strong>congregentur-</strong></span> 
     </span>
     <span class='ocr_line' id='line_1_16' title="bbox 159 1288 1009 1356; baseline 0.001 -15"><span class='ocrx_word' id='word_1_108' title='bbox 159 1305 230 1356; x_wconf 86' lang='lat' dir='ltr'><strong>quae</strong></span> <span class='ocrx_word' id='word_1_109' title='bbox 252 1289 281 1342; x_wconf 84' lang='lat'><strong>0.</strong></span> <span class='ocrx_word' id='word_1_110' title='bbox 300 1289 441 1354; x_wconf 76' lang='lat' dir='ltr'><strong>Salinator,</strong></span> <span class='ocrx_word' id='word_1_111' title='bbox 462 1306 532 1356; x_wconf 89' lang='lat' dir='ltr'><strong>quae</strong></span> <span class='ocrx_word' id='word_1_112' title='bbox 557 1288 601 1356; x_wconf 85' lang='lat' dir='ltr'><strong>Sp.</strong></span> <span class='ocrx_word' id='word_1_113' title='bbox 622 1289 746 1355; x_wconf 86' lang='lat' dir='ltr'><strong>Albinus,</strong></span> <span class='ocrx_word' id='word_1_114' title='bbox 770 1289 893 1343; x_wconf 89' lang='lat' dir='ltr'><strong>homines</strong></span> <span class='ocrx_word' id='word_1_115' title='bbox 916 1307 1009 1342; x_wconf 88' lang='lat' dir='ltr'><strong>consu·</strong></span> 
     </span>
     <span class='ocr_line' id='line_1_17' title="bbox 159 1362 1008 1434; baseline 0.005 -18"><span class='ocrx_word' id='word_1_116' title='bbox 159 1362 230 1416; x_wconf 83' lang='lat' dir='ltr'><strong>lares</strong></span> <span class='ocrx_word' id='word_1_117' title='bbox 245 1363 332 1416; x_wconf 91' lang='lat' dir='ltr'><strong>nostri</strong></span> <span class='ocrx_word' id='word_1_118' title='bbox 344 1363 402 1416; x_wconf 85' lang='lat' dir='ltr'><strong>fere</strong></span> <span class='ocrx_word' id='word_1_119' title='bbox 415 1364 542 1430; x_wconf 81' lang='lat' dir='ltr'><strong>aequales</strong></span> <span class='ocrx_word' id='word_1_120' title='bbox 559 1364 701 1430; x_wconf 87' lang='lat' dir='ltr'><strong>deplorare</strong></span> <span class='ocrx_word' id='word_1_121' title='bbox 719 1364 850 1432; x_wconf 89' lang='lat' dir='ltr'><strong>solebant,</strong></span> <span class='ocrx_word' id='word_1_122' title='bbox 863 1368 921 1418; x_wconf 91' lang='lat' dir='ltr'><strong>tum</strong></span> <span class='ocrx_word' id='word_1_123' title='bbox 934 1367 1008 1434; x_wconf 88' lang='lat' dir='ltr'><strong>quod</strong></span> 
     </span>
     <span class='ocr_line' id='line_1_18' title="bbox 159 1438 1008 1509; baseline 0.005 -18"><span class='ocrx_word' id='word_1_124' title='bbox 159 1438 346 1506; x_wconf 86' lang='lat' dir='ltr'><strong>voluptatibus</strong></span> <span class='ocrx_word' id='word_1_125' title='bbox 364 1442 488 1492; x_wconf 87' lang='lat' dir='ltr'><strong>carerent</strong></span> <span class='ocrx_word' id='word_1_126' title='bbox 507 1438 565 1491; x_wconf 90' lang='lat' dir='ltr'><strong>sine</strong></span> <span class='ocrx_word' id='word_1_127' title='bbox 585 1439 684 1505; x_wconf 89' lang='lat' dir='ltr'><strong>quibus</strong></span> <span class='ocrx_word' id='word_1_128' title='bbox 705 1440 789 1493; x_wconf 88' lang='lat' dir='ltr'><strong>vitam</strong></span> <span class='ocrx_word' id='word_1_129' title='bbox 809 1440 910 1493; x_wconf 88' lang='lat' dir='ltr'><strong>nullam</strong></span> <span class='ocrx_word' id='word_1_130' title='bbox 930 1445 1008 1509; x_wconf 87' lang='lat' dir='ltr'><strong>pute-</strong></span> 
     </span>
     <span class='ocr_line' id='line_1_19' title="bbox 160 1513 1008 1583; baseline 0.004 -16"><span class='ocrx_word' id='word_1_131' title='bbox 160 1517 228 1579; x_wconf 88' lang='lat' dir='ltr'><strong>rent,</strong></span> <span class='ocrx_word' id='word_1_132' title='bbox 239 1517 300 1568; x_wconf 90' lang='lat' dir='ltr'><strong>tum</strong></span> <span class='ocrx_word' id='word_1_133' title='bbox 312 1513 387 1583; x_wconf 92' lang='lat' dir='ltr'><strong>quod</strong></span> <span class='ocrx_word' id='word_1_134' title='bbox 404 1519 598 1582; x_wconf 78' lang='lat' dir='ltr'><strong>spernerentur</strong></span> <span class='ocrx_word' id='word_1_135' title='bbox 610 1514 645 1567; x_wconf 91' lang='lat' dir='ltr'><strong>ab</strong></span> <span class='ocrx_word' id='word_1_136' title='bbox 657 1515 690 1568; x_wconf 91' lang='lat' dir='ltr'><strong>iis</strong></span> <span class='ocrx_word' id='word_1_137' title='bbox 709 1532 726 1568; x_wconf 85' lang='lat' dir='ltr'><strong>a</strong></span> <span class='ocrx_word' id='word_1_138' title='bbox 743 1515 842 1583; x_wconf 86' lang='lat' dir='ltr'><strong>quibus</strong></span> <span class='ocrx_word' id='word_1_139' title='bbox 855 1521 946 1569; x_wconf 89' lang='lat' dir='ltr'><strong>essent</strong></span> <span class='ocrx_word' id='word_1_140' title='bbox 957 1517 1008 1570; x_wconf 91' lang='lat' dir='ltr'><strong>coli</strong></span> 
     </span>
     <span class='ocr_line' id='line_1_20' title="bbox 159 1588 1008 1660; baseline 0.004 -18"><span class='ocrx_word' id='word_1_141' title='bbox 159 1589 238 1644; x_wconf 82' lang='lat' dir='ltr'><strong>soliti</strong></span> <span class='ocrx_word' id='word_1_142' title='bbox 277 1591 329 1656; x_wconf 84' lang='lat' dir='ltr'><strong>Qui</strong></span> <span class='ocrx_word' id='word_1_143' title='bbox 346 1588 413 1642; x_wconf 89' lang='lat' dir='ltr'><strong>mibi</strong></span> <span class='ocrx_word' id='word_1_144' title='bbox 425 1605 478 1643; x_wconf 91' lang='lat' dir='ltr'><strong>nou</strong></span> <span class='ocrx_word' id='word_1_145' title='bbox 491 1589 521 1642; x_wconf 93' lang='lat' dir='ltr'><strong>id</strong></span> <span class='ocrx_word' id='word_1_146' title='bbox 533 1589 697 1643; x_wconf 82' lang='lat' dir='ltr'><strong>videbantur</strong></span> <span class='ocrx_word' id='word_1_147' title='bbox 709 1607 837 1645; x_wconf 86' lang='lat' dir='ltr'><strong>accusare</strong></span> <span class='ocrx_word' id='word_1_148' title='bbox 850 1591 1008 1660; x_wconf 84' lang='lat' dir='ltr'><strong>quodcsset</strong></span> 
     </span>
     <span class='ocr_line' id='line_1_21' title="bbox 158 1665 1007 1735; baseline 0.002 -15"><span class='ocrx_word' id='word_1_149' title='bbox 158 1666 346 1720; x_wconf 70' lang='lat' dir='ltr'><strong>metuendum.</strong></span> <span class='ocrx_word' id='word_1_150' title='bbox 388 1665 464 1720; x_wconf 86' lang='lat' dir='ltr'><strong>Nam</strong></span> <span class='ocrx_word' id='word_1_151' title='bbox 489 1665 512 1719; x_wconf 90' lang='lat' dir='ltr'><strong>si</strong></span> <span class='ocrx_word' id='word_1_152' title='bbox 534 1665 564 1721; x_wconf 92' lang='lat' dir='ltr'><strong>id</strong></span> <span class='ocrx_word' id='word_1_153' title='bbox 588 1666 667 1735; x_wconf 88' lang='lat' dir='ltr'><strong>culpa</strong></span> <span class='ocrx_word' id='word_1_154' title='bbox 692 1668 840 1721; x_wconf 83' lang='lat' dir='ltr'><strong>senectutis</strong></span> <span class='ocrx_word' id='word_1_155' title='bbox 864 1667 1007 1734; x_wconf 86' lang='lat' dir='ltr'><strong>accideret,</strong></span> 
     </span>
     <span class='ocr_line' id='line_1_22' title="bbox 159 1742 1008 1811; baseline 0.004 -17"><span class='ocrx_word' id='word_1_156' title='bbox 159 1742 255 1795; x_wconf 86' lang='lat' dir='ltr'><strong>cadem</strong></span> <span class='ocrx_word' id='word_1_157' title='bbox 267 1742 333 1796; x_wconf 88' lang='lat' dir='ltr'><strong>mihi</strong></span> <span class='ocrx_word' id='word_1_158' title='bbox 345 1759 396 1795; x_wconf 92' lang='lat' dir='ltr'><strong>usu</strong></span> <span class='ocrx_word' id='word_1_159' title='bbox 408 1742 532 1796; x_wconf 86' lang='lat' dir='ltr'><strong>venirent</strong></span> <span class='ocrx_word' id='word_1_160' title='bbox 544 1743 711 1811; x_wconf 85' lang='lat' dir='ltr'><strong>reliquisque</strong></span> <span class='ocrx_word' id='word_1_161' title='bbox 724 1743 847 1796; x_wconf 83' lang='lat' dir='ltr'><strong>onrrribus</strong></span> <span class='ocrx_word' id='word_1_162' title='bbox 860 1743 1008 1811; x_wconf 88' lang='lat' dir='ltr'><strong>majoribus</strong></span> 
     </span>
    </p>
   </div>
   <div class='ocr_carea' id='block_1_3' title="bbox 156 1818 1117 1886">
    <p class='ocr_par' dir='ltr' id='par_1_4' title="bbox 156 1818 1117 1886">
     <span class='ocr_line' id='line_1_23' title="bbox 156 1818 1117 1886; baseline 0.003 -16"><span class='ocrx_word' id='word_1_163' title='bbox 156 1820 232 1884; x_wconf 80' lang='grc' dir='ltr'>ιιιιιιι,</span> <span class='ocrx_word' id='word_1_164' title='bbox 254 1834 369 1886; x_wconf 91' lang='lat' dir='ltr'><strong>quorum</strong></span> <span class='ocrx_word' id='word_1_165' title='bbox 392 1834 443 1885; x_wconf 86' lang='lat' dir='ltr'><strong>ego</strong></span> <span class='ocrx_word' id='word_1_166' title='bbox 463 1818 610 1870; x_wconf 91' lang='lat' dir='ltr'><strong>multorum</strong></span> <span class='ocrx_word' id='word_1_167' title='bbox 631 1818 743 1886; x_wconf 80' lang='lat' dir='ltr'><strong>cognovi</strong></span> <span class='ocrx_word' id='word_1_168' title='bbox 763 1821 931 1872; x_wconf 86' lang='lat' dir='ltr'><strong>senectutem</strong></span> <span class='ocrx_word' id='word_1_169' title='bbox 951 1820 1008 1872; x_wconf 90' lang='lat' dir='ltr'><strong>sine</strong></span> <span class='ocrx_word' id='word_1_170' title='bbox 1108 1843 1117 1856; x_wconf 90' lang='lat'><strong>·</strong></span> 
     </span>
    </p>
   </div>
   <div class='ocr_carea' id='block_1_4' title="bbox 159 1892 1009 2490">
    <p class='ocr_par' dir='ltr' id='par_1_5' title="bbox 159 1892 1009 2490">
     <span class='ocr_line' id='line_1_24' title="bbox 160 1892 1008 1960; baseline 0.001 -15"><span class='ocrx_word' id='word_1_171' title='bbox 160 1893 276 1960; x_wconf 79' lang='lat' dir='ltr'><strong>quercla,</strong></span> <span class='ocrx_word' id='word_1_172' title='bbox 295 1893 342 1960; x_wconf 91' lang='lat' dir='ltr'><strong>qui</strong></span> <span class='ocrx_word' id='word_1_173' title='bbox 364 1909 394 1945; x_wconf 91' lang='lat' dir='ltr'><strong>sc</strong></span> <span class='ocrx_word' id='word_1_174' title='bbox 408 1896 445 1951; x_wconf 81' lang='lat' dir='ltr'><strong>et</strong></span> <span class='ocrx_word' id='word_1_175' title='bbox 456 1892 598 1947; x_wconf 89' lang='lat' dir='ltr'><strong>libidinum</strong></span> <span class='ocrx_word' id='word_1_176' title='bbox 619 1893 732 1948; x_wconf 86' lang='lat' dir='ltr'><strong>vinculis</strong></span> <span class='ocrx_word' id='word_1_177' title='bbox 753 1893 859 1947; x_wconf 80' lang='lat' dir='ltr'><strong>laxatos</strong></span> <span class='ocrx_word' id='word_1_178' title='bbox 878 1911 1008 1948; x_wconf 86' lang='lat' dir='ltr'><strong>essenon</strong></span> 
     </span>
     <span class='ocr_line' id='line_1_25' title="bbox 159 1968 1008 2037; baseline 0.004 -17"><span class='ocrx_word' id='word_1_179' title='bbox 159 1968 273 2022; x_wconf 87' lang='lat' dir='ltr'><strong>moleste</strong></span> <span class='ocrx_word' id='word_1_180' title='bbox 284 1968 389 2022; x_wconf 86' lang='lat' dir='ltr'><strong>ferrent</strong></span> <span class='ocrx_word' id='word_1_181' title='bbox 403 1985 452 2022; x_wconf 92' lang='lat' dir='ltr'><strong>nec</strong></span> <span class='ocrx_word' id='word_1_182' title='bbox 469 1987 485 2022; x_wconf 89' lang='lat' dir='ltr'><strong>a</strong></span> <span class='ocrx_word' id='word_1_183' title='bbox 501 1970 556 2022; x_wconf 89' lang='lat' dir='ltr'><strong>suis</strong></span> <span class='ocrx_word' id='word_1_184' title='bbox 575 1969 788 2037; x_wconf 88' lang='lat' dir='ltr'><strong>despicerentur.</strong></span> <span class='ocrx_word' id='word_1_185' title='bbox 822 1971 877 2024; x_wconf 84' lang='lat' dir='ltr'><strong>Sed</strong></span> <span class='ocrx_word' id='word_1_186' title='bbox 889 1973 1008 2026; x_wconf 88' lang='lat' dir='ltr'><strong>omniurn</strong></span> 
     </span>
     <span class='ocr_line' id='line_1_26' title="bbox 159 2042 1008 2114; baseline 0.004 -19"><span class='ocrx_word' id='word_1_187' title='bbox 159 2042 312 2097; x_wconf 83' lang='lat' dir='ltr'><strong>istiusmodi</strong></span> <span class='ocrx_word' id='word_1_188' title='bbox 336 2045 507 2112; x_wconf 87' lang='lat' dir='ltr'><strong>querelarum</strong></span> <span class='ocrx_word' id='word_1_189' title='bbox 530 2045 558 2096; x_wconf 90' lang='lat' dir='ltr'><strong>in</strong></span> <span class='ocrx_word' id='word_1_190' title='bbox 582 2045 703 2098; x_wconf 87' lang='lat' dir='ltr'><strong>moribus</strong></span> <span class='ocrx_word' id='word_1_191' title='bbox 727 2050 770 2099; x_wconf 90' lang='lat' dir='ltr'><strong>est</strong></span> <span class='ocrx_word' id='word_1_192' title='bbox 793 2047 879 2114; x_wconf 87' lang='lat' dir='ltr'><strong>culpa,</strong></span> <span class='ocrx_word' id='word_1_193' title='bbox 904 2064 957 2098; x_wconf 92' lang='lat' dir='ltr'><strong>non</strong></span> <span class='ocrx_word' id='word_1_194' title='bbox 980 2048 1008 2099; x_wconf 90' lang='lat' dir='ltr'><strong>in</strong></span> 
     </span>
     <span class='ocr_line' id='line_1_27' title="bbox 159 2119 1008 2174; baseline 0.004 -3"><span class='ocrx_word' id='word_1_195' title='bbox 159 2122 259 2172; x_wconf 85' lang='lat' dir='ltr'><strong>aetate.</strong></span> <span class='ocrx_word' id='word_1_196' title='bbox 295 2119 432 2172; x_wconf 84' lang='lat' dir='ltr'><strong>Moderati</strong></span> <span class='ocrx_word' id='word_1_197' title='bbox 454 2120 526 2172; x_wconf 92' lang='lat' dir='ltr'><strong>enim</strong></span> <span class='ocrx_word' id='word_1_198' title='bbox 545 2123 574 2172; x_wconf 89' lang='lat' dir='ltr'><strong>et</strong></span> <span class='ocrx_word' id='word_1_199' title='bbox 591 2136 641 2172; x_wconf 92' lang='lat' dir='ltr'><strong>nec</strong></span> <span class='ocrx_word' id='word_1_200' title='bbox 662 2121 785 2174; x_wconf 88' lang='lat' dir='ltr'><strong>difficiles</strong></span> <span class='ocrx_word' id='word_1_201' title='bbox 805 2138 855 2173; x_wconf 91' lang='lat' dir='ltr'><strong>nec</strong></span> <span class='ocrx_word' id='word_1_202' title='bbox 870 2121 1008 2174; x_wconf 86' lang='lat' dir='ltr'><strong>inhumani</strong></span> 
     </span>
     <span class='ocr_line' id='line_1_28' title="bbox 160 2194 1008 2264; baseline 0.002 -16"><span class='ocrx_word' id='word_1_203' title='bbox 160 2209 238 2248; x_wconf 90' lang='lat' dir='ltr'><strong>senes</strong></span> <span class='ocrx_word' id='word_1_204' title='bbox 246 2194 416 2248; x_wconf 83' lang='lat' dir='ltr'><strong>tolerabilem</strong></span> <span class='ocrx_word' id='word_1_205' title='bbox 426 2199 594 2248; x_wconf 88' lang='lat' dir='ltr'><strong>senectutem</strong></span> <span class='ocrx_word' id='word_1_206' title='bbox 604 2201 703 2262; x_wconf 66' lang='lat' dir='ltr'><strong>agrant3</strong></span> <span class='ocrx_word' id='word_1_207' title='bbox 715 2197 906 2264; x_wconf 81' lang='lat' dir='ltr'><strong>importunitas</strong></span> <span class='ocrx_word' id='word_1_208' title='bbox 916 2201 1008 2250; x_wconf 88' lang='lat' dir='ltr'><strong>autem</strong></span> 
     </span>
     <span class='ocr_line' id='line_1_29' title="bbox 160 2269 1007 2326; baseline 0.004 -4"><span class='ocrx_word' id='word_1_209' title='bbox 160 2273 190 2322; x_wconf 91' lang='lat' dir='ltr'><strong>et</strong></span> <span class='ocrx_word' id='word_1_210' title='bbox 216 2269 400 2322; x_wconf 80' lang='lat' dir='ltr'><strong>inhmnanitas</strong></span> <span class='ocrx_word' id='word_1_211' title='bbox 429 2271 501 2322; x_wconf 90' lang='lat' dir='ltr'><strong>omni</strong></span> <span class='ocrx_word' id='word_1_212' title='bbox 529 2272 614 2324; x_wconf 86' lang='lat' dir='ltr'><strong>aetati</strong></span> <span class='ocrx_word' id='word_1_213' title='bbox 635 2272 750 2326; x_wconf 89' lang='lat' dir='ltr'><strong>molesta</strong></span> <span class='ocrx_word' id='word_1_214' title='bbox 777 2276 825 2326; x_wconf 93' lang='lat' dir='ltr'><strong>cst.</strong></span> <span class='ocrx_word' id='word_1_215' title='bbox 868 2279 892 2326; x_wconf 88' lang='lat'><strong>8.</strong></span> <span class='ocrx_word' id='word_1_216' title='bbox 922 2273 1007 2325; x_wconf 72' lang='lat' dir='ltr'><strong>tara</strong></span> 
     </span>
     <span class='ocr_line' id='line_1_30' title="bbox 159 2343 1007 2416; baseline 0.006 -21"><span class='ocrx_word' id='word_1_217' title='bbox 159 2343 219 2410; x_wconf 83' lang='lat' dir='ltr'><strong>Est,</strong></span> <span class='ocrx_word' id='word_1_218' title='bbox 237 2353 270 2396; x_wconf 84' lang='lat' dir='ltr'><strong>ut</strong></span> <span class='ocrx_word' id='word_1_219' title='bbox 288 2343 363 2410; x_wconf 91' lang='lat' dir='ltr'><strong>dicis,</strong></span> <span class='ocrx_word' id='word_1_220' title='bbox 382 2344 466 2408; x_wconf 80' lang='lat' dir='ltr'><strong>Oat03</strong></span> <span class='ocrx_word' id='word_1_221' title='bbox 484 2345 534 2398; x_wconf 89' lang='lat' dir='ltr'><strong>sed</strong></span> <span class='ocrx_word' id='word_1_222' title='bbox 553 2345 669 2399; x_wconf 87' lang='lat' dir='ltr'><strong>fortasse</strong></span> <span class='ocrx_word' id='word_1_223' title='bbox 687 2347 788 2401; x_wconf 82' lang='lat' dir='ltr'><strong>dixerit</strong></span> <span class='ocrx_word' id='word_1_224' title='bbox 806 2349 938 2416; x_wconf 86' lang='lat' dir='ltr'><strong>quispiam</strong></span> <span class='ocrx_word' id='word_1_225' title='bbox 957 2348 1007 2402; x_wconf 89' lang='lat' dir='ltr'><strong>tibi</strong></span> 
     </span>
     <span class='ocr_line' id='line_1_31' title="bbox 159 2421 1009 2490; baseline 0.006 -18"><span class='ocrx_word' id='word_1_226' title='bbox 159 2423 273 2488; x_wconf 88' lang='lat' dir='ltr'><strong>propter</strong></span> <span class='ocrx_word' id='word_1_227' title='bbox 291 2436 357 2488; x_wconf 91' lang='lat' dir='ltr'><strong>opes</strong></span> <span class='ocrx_word' id='word_1_228' title='bbox 373 2423 403 2474; x_wconf 89' lang='lat' dir='ltr'><strong>et</strong></span> <span class='ocrx_word' id='word_1_229' title='bbox 421 2421 512 2490; x_wconf 87' lang='lat' dir='ltr'><strong>copias</strong></span> <span class='ocrx_word' id='word_1_230' title='bbox 530 2430 559 2474; x_wconf 86' lang='lat' dir='ltr'><strong>et</strong></span> <span class='ocrx_word' id='word_1_231' title='bbox 576 2421 740 2490; x_wconf 79' lang='lat' dir='ltr'><strong>dignitatem</strong></span> <span class='ocrx_word' id='word_1_232' title='bbox 758 2427 833 2476; x_wconf 89' lang='lat' dir='ltr'><strong>tuam</strong></span> <span class='ocrx_word' id='word_1_233' title='bbox 847 2424 1009 2478; x_wconf 75' lang='lat' dir='ltr'><strong>tolerabilia</strong></span> 
     </span>
    </p>
   </div>
   <div class='ocr_carea' id='block_1_5' title="bbox 45 2497 1009 2568">
    <p class='ocr_par' dir='ltr' id='par_1_6' title="bbox 45 2497 1009 2568">
     <span class='ocr_line' id='line_1_32' title="bbox 45 2497 1009 2568; baseline -0.001 -20"><span class='ocrx_word' id='word_1_234' title='bbox 45 2541 54 2558; x_wconf 70' lang='lat'><strong>,</strong></span> <span class='ocrx_word' id='word_1_235' title='bbox 158 2512 217 2549; x_wconf 89' lang='lat' dir='ltr'><strong>rem</strong></span> <span class='ocrx_word' id='word_1_236' title='bbox 231 2499 399 2550; x_wconf 87' lang='lat' dir='ltr'><strong>senectutem</strong></span> <span class='ocrx_word' id='word_1_237' title='bbox 411 2497 506 2563; x_wconf 87' lang='lat' dir='ltr'><strong>videri,</strong></span> <span class='ocrx_word' id='word_1_238' title='bbox 524 2498 553 2551; x_wconf 93' lang='lat' dir='ltr'><strong>id</strong></span> <span class='ocrx_word' id='word_1_239' title='bbox 571 2502 663 2552; x_wconf 87' lang='lat' dir='ltr'><strong>autem</strong></span> <span class='ocrx_word' id='word_1_240' title='bbox 682 2515 734 2553; x_wconf 92' lang='lat' dir='ltr'><strong>non</strong></span> <span class='ocrx_word' id='word_1_241' title='bbox 751 2515 830 2568; x_wconf 88' lang='lat' dir='ltr'><strong>posse</strong></span> <span class='ocrx_word' id='word_1_242' title='bbox 842 2500 935 2553; x_wconf 91' lang='lat' dir='ltr'><strong>multis</strong></span> <span class='ocrx_word' id='word_1_243' title='bbox 948 2516 1009 2551; x_wconf 90' lang='lat' dir='ltr'><strong>eon.</strong></span> 
     </span>
    </p>
   </div>
   <div class='ocr_carea' id='block_1_6' title="bbox 91 2572 1041 3247">
    <p class='ocr_par' dir='ltr' id='par_1_7' title="bbox 91 2572 1041 3247">
     <span class='ocr_line' id='line_1_33' title="bbox 159 2572 1009 2644; baseline 0.005 -20"><span class='ocrx_word' id='word_1_244' title='bbox 159 2572 273 2640; x_wconf 80' lang='lat' dir='ltr'><strong>tingere.</strong></span> <span class='ocrx_word' id='word_1_245' title='bbox 310 2573 392 2627; x_wconf 77' lang='lat' dir='ltr'><strong>Caro.</strong></span> <span class='ocrx_word' id='word_1_246' title='bbox 425 2573 475 2626; x_wconf 80' lang='lat' dir='ltr'><strong>list</strong></span> <span class='ocrx_word' id='word_1_247' title='bbox 495 2574 566 2628; x_wconf 91' lang='lat' dir='ltr'><strong>istuc</strong></span> <span class='ocrx_word' id='word_1_248' title='bbox 588 2575 706 2643; x_wconf 88' lang='lat' dir='ltr'><strong>quidem,</strong></span> <span class='ocrx_word' id='word_1_249' title='bbox 720 2576 810 2640; x_wconf 73' lang='lat' dir='ltr'><strong>Laeli,</strong></span> <span class='ocrx_word' id='word_1_250' title='bbox 830 2575 941 2644; x_wconf 90' lang='lat' dir='ltr'><strong>aliquid,</strong></span> <span class='ocrx_word' id='word_1_251' title='bbox 960 2575 1009 2628; x_wconf 91' lang='lat' dir='ltr'><strong>sed</strong></span> 
     </span>
     <span class='ocr_line' id='line_1_34' title="bbox 159 2649 1009 2716; baseline 0.005 -16"><span class='ocrx_word' id='word_1_252' title='bbox 159 2664 331 2716; x_wconf 86' lang='lat' dir='ltr'><strong>nequaquam</strong></span> <span class='ocrx_word' id='word_1_253' title='bbox 355 2649 384 2702; x_wconf 89' lang='lat' dir='ltr'><strong>in</strong></span> <span class='ocrx_word' id='word_1_254' title='bbox 408 2650 461 2703; x_wconf 85' lang='lat' dir='ltr'><strong>iste</strong></span> <span class='ocrx_word' id='word_1_255' title='bbox 500 2654 563 2704; x_wconf 91' lang='lat' dir='ltr'><strong>sunt</strong></span> <span class='ocrx_word' id='word_1_256' title='bbox 602 2653 698 2705; x_wconf 87' lang='lat' dir='ltr'><strong>omnia.</strong></span> <span class='ocrx_word' id='word_1_257' title='bbox 747 2653 786 2706; x_wconf 89' lang='lat' dir='ltr'><strong>Ut</strong></span> <span class='ocrx_word' id='word_1_258' title='bbox 815 2651 1009 2708; x_wconf 76' lang='lat' dir='ltr'><strong>&#39;themistocles</strong></span> 
     </span>
     <span class='ocr_line' id='line_1_35' title="bbox 160 2722 1009 2798; baseline 0.006 -23"><span class='ocrx_word' id='word_1_259' title='bbox 160 2722 247 2776; x_wconf 78' lang='lat' dir='ltr'><strong>fertur</strong></span> <span class='ocrx_word' id='word_1_260' title='bbox 260 2723 383 2791; x_wconf 83' lang='lat' dir='ltr'><strong>Seriphio</strong></span> <span class='ocrx_word' id='word_1_261' title='bbox 395 2725 503 2779; x_wconf 87' lang='lat' dir='ltr'><strong>cuidem</strong></span> <span class='ocrx_word' id='word_1_262' title='bbox 521 2727 548 2778; x_wconf 90' lang='lat' dir='ltr'><strong>in</strong></span> <span class='ocrx_word' id='word_1_263' title='bbox 563 2727 656 2794; x_wconf 86' lang='lat' dir='ltr'><strong>jurgio</strong></span> <span class='ocrx_word' id='word_1_264' title='bbox 674 2729 853 2797; x_wconf 77' lang='lat' dir='ltr'><strong>respondisse,</strong></span> <span class='ocrx_word' id='word_1_265' title='bbox 867 2746 951 2798; x_wconf 90' lang='lat' dir='ltr'><strong>quum</strong></span> <span class='ocrx_word' id='word_1_266' title='bbox 963 2729 1009 2781; x_wconf 93' lang='lat' dir='ltr'><strong>illo</strong></span> 
     </span>
     <span class='ocr_line' id='line_1_36' title="bbox 159 2798 1008 2873; baseline 0.006 -22"><span class='ocrx_word' id='word_1_267' title='bbox 159 2798 274 2852; x_wconf 81' lang='lat' dir='ltr'><strong>dixisset</strong></span> <span class='ocrx_word' id='word_1_268' title='bbox 298 2816 352 2852; x_wconf 90' lang='lat' dir='ltr'><strong>non</strong></span> <span class='ocrx_word' id='word_1_269' title='bbox 373 2816 435 2853; x_wconf 91' lang='lat' dir='ltr'><strong>eum</strong></span> <span class='ocrx_word' id='word_1_270' title='bbox 459 2818 507 2854; x_wconf 89' lang='lat' dir='ltr'><strong>sua</strong></span> <span class='ocrx_word' id='word_1_271' title='bbox 530 2801 580 2854; x_wconf 92' lang='lat' dir='ltr'><strong>scd</strong></span> <span class='ocrx_word' id='word_1_272' title='bbox 600 2804 704 2870; x_wconf 88' lang='lat' dir='ltr'><strong>patriae</strong></span> <span class='ocrx_word' id='word_1_273' title='bbox 728 2805 814 2872; x_wconf 81' lang='lat' dir='ltr'><strong>gloria</strong></span> <span class='ocrx_word' id='word_1_274' title='bbox 835 2805 1008 2873; x_wconf 86' lang='lat' dir='ltr'><strong>splendorem</strong></span> 
     </span>
     <span class='ocr_line' id='line_1_37' title="bbox 159 2875 1008 2950; baseline 0.005 -23"><span class='ocrx_word' id='word_1_275' title='bbox 159 2877 326 2928; x_wconf 87' lang='lat' dir='ltr'><strong>assecutum:</strong></span> <span class='ocrx_word' id='word_1_276' title='bbox 344 2891 394 2928; x_wconf 89' lang='lat' dir='ltr'><strong>nec</strong></span> <span class='ocrx_word' id='word_1_277' title='bbox 405 2875 523 2944; x_wconf 86' lang='lat' dir='ltr'><strong>hercule,</strong></span> <span class='ocrx_word' id='word_1_278' title='bbox 539 2878 636 2946; x_wconf 91' lang='lat' dir='ltr'><strong>inquit,</strong></span> <span class='ocrx_word' id='word_1_279' title='bbox 653 2879 675 2932; x_wconf 91' lang='lat' dir='ltr'><strong>si</strong></span> <span class='ocrx_word' id='word_1_280' title='bbox 693 2896 744 2948; x_wconf 85' lang='lat' dir='ltr'><strong>ego</strong></span> <span class='ocrx_word' id='word_1_281' title='bbox 761 2880 901 2950; x_wconf 76' lang='lat' dir='ltr'><strong>Seriphius</strong></span> <span class='ocrx_word' id='word_1_282' title='bbox 913 2897 1008 2946; x_wconf 88' lang='lat' dir='ltr'><strong>essem,</strong></span> 
     </span>
     <span class='ocr_line' id='line_1_38' title="bbox 159 2948 1007 3025; baseline 0.009 -24"><span class='ocrx_word' id='word_1_283' title='bbox 159 2948 264 3014; x_wconf 68' lang='lat' dir='ltr'><strong>nobilis</strong></span> <span class='ocrx_word' id='word_1_284' title='bbox 287 2965 337 3004; x_wconf 88' lang='lat' dir='ltr'><strong>nec</strong></span> <span class='ocrx_word' id='word_1_285' title='bbox 365 2955 403 3016; x_wconf 90' lang='lat' dir='ltr'><strong>tu,</strong></span> <span class='ocrx_word' id='word_1_286' title='bbox 425 2952 447 3004; x_wconf 93' lang='lat' dir='ltr'><strong>si</strong></span> <span class='ocrx_word' id='word_1_287' title='bbox 472 2953 649 3006; x_wconf 82' lang='lat' dir='ltr'><strong>Atheniensis</strong></span> <span class='ocrx_word' id='word_1_288' title='bbox 670 2972 751 3024; x_wconf 88' lang='lat' dir='ltr'><strong>esses,</strong></span> <span class='ocrx_word' id='word_1_289' title='bbox 776 2957 864 3012; x_wconf 88' lang='lat' dir='ltr'><strong>clarus</strong></span> <span class='ocrx_word' id='word_1_290' title='bbox 890 2973 1007 3025; x_wconf 89' lang='lat' dir='ltr'><strong>unquam</strong></span> 
     </span>
     <span class='ocr_line' id='line_1_39' title="bbox 159 3024 1006 3101; baseline 0.012 -24"><span class='ocrx_word' id='word_1_291' title='bbox 159 3024 263 3079; x_wconf 84' lang='lat' dir='ltr'><strong>fuisses.</strong></span> <span class='ocrx_word' id='word_1_292' title='bbox 300 3025 381 3090; x_wconf 86' lang='lat' dir='ltr'><strong>Quod</strong></span> <span class='ocrx_word' id='word_1_293' title='bbox 401 3027 497 3080; x_wconf 89' lang='lat' dir='ltr'><strong>eodem</strong></span> <span class='ocrx_word' id='word_1_294' title='bbox 516 3029 597 3080; x_wconf 93' lang='lat' dir='ltr'><strong>modo</strong></span> <span class='ocrx_word' id='word_1_295' title='bbox 616 3029 652 3082; x_wconf 89' lang='lat' dir='ltr'><strong>de</strong></span> <span class='ocrx_word' id='word_1_296' title='bbox 673 3036 814 3087; x_wconf 88' lang='lat' dir='ltr'><strong>senectute</strong></span> <span class='ocrx_word' id='word_1_297' title='bbox 836 3034 889 3087; x_wconf 90' lang='lat' dir='ltr'><strong>dici</strong></span> <span class='ocrx_word' id='word_1_298' title='bbox 908 3036 1006 3101; x_wconf 87' lang='lat' dir='ltr'><strong>potest</strong></span> 
     </span>
     <span class='ocr_line' id='line_1_40' title="bbox 91 3099 1006 3174; baseline 0.01 -23"><span class='ocrx_word' id='word_1_299' title='bbox 91 3157 95 3164; x_wconf 51' lang='grc'><strong>,</strong></span> <span class='ocrx_word' id='word_1_300' title='bbox 161 3099 219 3154; x_wconf 86' lang='lat' dir='ltr'><strong>Nec</strong></span> <span class='ocrx_word' id='word_1_301' title='bbox 231 3100 303 3154; x_wconf 89' lang='lat' dir='ltr'><strong>enim</strong></span> <span class='ocrx_word' id='word_1_302' title='bbox 315 3101 343 3153; x_wconf 92' lang='lat' dir='ltr'><strong>in</strong></span> <span class='ocrx_word' id='word_1_303' title='bbox 356 3118 462 3154; x_wconf 89' lang='lat' dir='ltr'><strong>summu</strong></span> <span class='ocrx_word' id='word_1_304' title='bbox 473 3102 564 3170; x_wconf 89' lang='lat' dir='ltr'><strong>inopia</strong></span> <span class='ocrx_word' id='word_1_305' title='bbox 575 3103 643 3156; x_wconf 90' lang='lat' dir='ltr'><strong>levis</strong></span> <span class='ocrx_word' id='word_1_306' title='bbox 655 3121 714 3159; x_wconf 84' lang='lat' dir='ltr'><strong>esse</strong></span> <span class='ocrx_word' id='word_1_307' title='bbox 726 3113 851 3162; x_wconf 88' lang='lat' dir='ltr'><strong>senectus</strong></span> <span class='ocrx_word' id='word_1_308' title='bbox 863 3112 955 3174; x_wconf 87' lang='lat' dir='ltr'><strong>potest</strong></span> <span class='ocrx_word' id='word_1_309' title='bbox 972 3125 1006 3160; x_wconf 88' lang='lat' dir='ltr'><strong>ne</strong></span> 
     </span>
     <span class='ocr_line' id='line_1_41' title="bbox 160 3172 1041 3247; baseline 0.01 -23"><span class='ocrx_word' id='word_1_310' title='bbox 160 3172 275 3238; x_wconf 84' lang='lat' dir='ltr'><strong>sapienti</strong></span> <span class='ocrx_word' id='word_1_311' title='bbox 294 3175 413 3242; x_wconf 88' lang='lat' dir='ltr'><strong>quidum,</strong></span> <span class='ocrx_word' id='word_1_312' title='bbox 433 3193 483 3230; x_wconf 89' lang='lat' dir='ltr'><strong>nee</strong></span> <span class='ocrx_word' id='word_1_313' title='bbox 501 3177 639 3244; x_wconf 84' lang='lat' dir='ltr'><strong>insipienti</strong></span> <span class='ocrx_word' id='word_1_314' title='bbox 660 3181 743 3234; x_wconf 89' lang='lat' dir='ltr'><strong>etiam</strong></span> <span class='ocrx_word' id='word_1_315' title='bbox 761 3183 788 3234; x_wconf 91' lang='lat' dir='ltr'><strong>in</strong></span> <span class='ocrx_word' id='word_1_316' title='bbox 808 3197 913 3234; x_wconf 87' lang='lat' dir='ltr'><strong>summa</strong></span> <span class='ocrx_word' id='word_1_317' title='bbox 931 3181 1007 3247; x_wconf 84' lang='lat' dir='ltr'><strong>copia</strong></span> <span class='ocrx_word' id='word_1_318' title='bbox 1039 3208 1041 3213; x_wconf 94' lang='lat'>·</span> 
     </span>
    </p>
   </div>
   <div class='ocr_carea' id='block_1_7' title="bbox 0 0 1140 3442">
    <p class='ocr_par' dir='ltr' id='par_1_8' title="bbox 0 0 1140 3442">
     <span class='ocr_line' id='line_1_42' title="bbox 0 0 1140 3442; baseline 0 0"><span class='ocrx_word' id='word_1_319' title='bbox 0 0 1140 3442; x_wconf 95' lang='lat' dir='ltr'><strong> </strong></span> 
     </span>
    </p>
   </div>
  </div>
 </body>
</html>
