2256 3448
305 143 375 193 Lm.
392 133 456 206 111,
472 145 550 194 cara
567 145 642 195 xm.
659 145 731 207 xx,
749 145 763 205 a
779 147 866 196 rosa.
961 132 1015 196 rra·

165 232 292 300 tempore
304 233 353 282 aut
364 230 462 284 rivum
476 235 525 284 aut
539 236 681 284 mortuum
692 233 859 302 Iugurtham
873 247 902 284 se
917 231 947 284 in
959 249 1008 302 po·

166 315 295 364 testatem
313 311 412 380 populi
426 311 547 364 Romani
565 312 768 367 redacturum.’'
804 314 903 380 Itaque
917 311 1008 364 factus

167 397 207 442 est
222 391 269 443 ille
283 391 398 460 quidem
413 393 518 460 consul,
529 393 580 445 scd
595 409 611 445 a
624 392 679 445 lide
694 392 858 461 iustitiaque
871 392 1007 458 discessit,

166 471 216 538 qui
228 471 367 540 optimum
379 475 407 524 ot
419 471 615 541 gravissimum
627 472 725 540 civem,
736 473 814 526 cuius
827 475 936 542 legatus
952 477 980 525 et
991 489 1008 524 a

166 567 222 618 quo
235 551 334 604 missus
349 557 427 620 esset,
437 551 467 603 in
481 551 619 606 iuvidiam
632 551 702 604 falso
718 552 833 604 crimine
848 552 1007 605 adduxerit.

165 634 208 686 80.
228 633 273 686 Ne
294 638 388 686 noster
407 633 521 702 quidem
543 632 726 686 Gratidianus
751 631 843 685 officio
864 632 919 688 viri
940 632 1008 686 boni

165 711 280 765 functus
292 719 334 766 est
346 719 415 778 tum,
426 730 490 766 cum
502 719 614 783 praetor
628 718 700 766 essct
712 713 918 782 collegiumque
931 729 1008 782 prue-

165 795 260 844 torum
280 793 387 846 tribuni
409 793 486 862 plebi
510 793 710 862 adhibuissent,
733 797 765 846 ut
786 809 830 846 res
853 793 1008 846 nummaria

166 871 202 924 de
214 874 356 928 communi
368 873 505 926 sententia
517 873 743 928 constitueretur:
762 873 919 926 iactabatur
932 873 1007 925 enim

165 954 339 1022 temporibus
350 955 408 1007 illis
416 971 545 1008 nummus
557 955 605 1023 sic,
613 959 646 1008 ut
658 971 740 1008 nemo
748 959 842 1024 posset
854 955 924 1008 scire
937 953 1007 1023 quid

166 1034 288 1088 haberet.
332 1035 563 1104 Conscripserunt
587 1035 772 1088 communiter
796 1035 920 1089 edictum
944 1051 1008 1087 cum

164 1129 256 1182 poena
270 1119 354 1184 atque
369 1115 476 1168 iudicio
491 1115 761 1184 constitueruntque,
769 1119 801 1168 ut
816 1132 911 1168 omnes
924 1114 1007 1168 simul

164 1193 196 1246 in
209 1195 311 1247 Rostra
325 1200 390 1264 post
407 1195 553 1248 meridiem
571 1197 758 1249 escenderent.
795 1197 832 1247 Et
847 1196 932 1248 ceteri
947 1195 1007 1263 qui-

165 1273 230 1326 dem
241 1273 315 1336 alius
327 1275 391 1340 alio,
401 1275 507 1327 Marius
519 1276 555 1328 ab
568 1275 707 1328 subselliis
721 1275 751 1327 in
763 1276 864 1328 Rostra
878 1279 953 1328 recta
964 1275 1007 1327 id-

165 1369 227 1422 que,
238 1354 316 1421 quod
330 1355 515 1408 communiter
531 1355 718 1424 compositum
732 1354 829 1422 fuerat,
840 1356 915 1407 solus
929 1355 1007 1407 edix-

165 1434 196 1486 it.
232 1435 270 1488 Et
284 1451 317 1487 ea
333 1451 384 1503 rea,
394 1435 419 1487 si
433 1435 551 1503 quaeris,
565 1435 591 1488 ei
608 1451 711 1504 magno
729 1434 829 1486 honori
843 1433 905 1486 fuit.
943 1435 1006 1485 Om-

164 1513 249 1566 nibus
267 1513 337 1570 vicis
358 1519 474 1580 statuae,
491 1516 530 1568 ad
549 1531 595 1568 eas
614 1519 668 1582 tus,
684 1515 764 1568 cerei.
802 1515 879 1581 Quid
898 1514 1005 1567 multat

164 1611 246 1648 nemo
258 1611 392 1662 umquam
404 1595 581 1648 multitudini
590 1595 645 1648 iuit
660 1595 757 1649 carior.
794 1597 836 1648 81.
852 1595 930 1647 Haec
942 1600 1007 1647 sunt

165 1691 236 1742 quae
251 1676 421 1728 conturbant
433 1677 463 1727 in
479 1675 680 1732 deliberatione
696 1692 754 1728 non
768 1691 929 1744 numquam,
943 1691 1006 1727 curn

164 1755 203 1822 id,
212 1755 243 1807 in
255 1772 311 1824 quo
323 1755 446 1809 violatur
457 1756 591 1824 aequitas,
601 1773 659 1808 non
670 1757 711 1810 ita
722 1772 864 1826 magnum,
874 1756 948 1809 illud
960 1771 1006 1808 au·

164 1841 229 1905 tom,
240 1837 317 1904 quod
330 1853 366 1888 ex
378 1853 411 1889 eo
423 1837 538 1906 paritur,
547 1853 732 1906 permagnum
744 1837 864 1906 videtur,
872 1841 904 1890 ut
917 1837 1006 1890 Mario

164 1917 322 1985 praeripere
343 1917 461 1985 collegis
481 1921 509 1970 et
527 1917 649 1970 tribunis
667 1918 745 1987 plebi
762 1920 927 1988 popularem
945 1934 1006 1988 gra-

164 1997 233 2049 tiam
251 2013 309 2049 non
326 1996 367 2049 ita
381 2001 471 2066 turpe,
483 2000 626 2051 consulem
644 1999 681 2051 ob
696 2015 757 2052 eam
775 2016 834 2052 rem
848 1999 916 2067 fieri,
929 1999 1007 2067 quod

164 2076 218 2129 sibi
232 2081 294 2129 tum
306 2081 499 2146 proposuerat,
508 2079 593 2132 valde
605 2078 675 2130 utile
687 2077 843 2132 videbatur.
882 2079 937 2132 Sed
950 2095 1006 2130 om-

163 2157 242 2209 nium
254 2173 310 2210 una
322 2158 420 2225 regula
434 2162 484 2225 est,
494 2174 579 2225 quam
590 2157 644 2210 tibi
656 2157 741 2226 cupio
754 2173 812 2210 esse
824 2157 1006 2225 notissimam,

129 2233 133 2241 ’
164 2241 213 2290 aut
224 2237 306 2304 illud,
317 2238 395 2305 quod
410 2237 479 2289 utile
490 2238 611 2305 videtur,
621 2241 704 2306 turpe
719 2253 754 2289 ne
769 2237 806 2290 sit
818 2241 875 2305 aut,
889 2238 913 2290 si
925 2243 1007 2306 turpe

164 2321 214 2385 est,
224 2333 259 2368 ne
271 2315 402 2370 videatur
417 2333 475 2370 csse
490 2318 568 2372 utile.
606 2317 683 2384 Quid
698 2317 804 2386 igiturl
823 2333 1007 2387 possumusne

163 2402 213 2449 aut
230 2397 312 2449 illum
329 2397 450 2450 Marium
467 2397 559 2450 virum
577 2397 684 2450 bonum
703 2397 828 2450 iudicare
846 2403 895 2450 aut
912 2399 1006 2452 huncl

163 2476 283 2545 Explica
301 2481 391 2544 atque
405 2481 504 2538 excute
523 2476 746 2546 intellegentiam
763 2482 849 2543 tuam,
862 2482 895 2529 ut
909 2477 1007 2529 videas

163 2573 237 2623 quae
251 2557 288 2610 sit
302 2557 333 2609 in
348 2574 380 2610 ea
393 2557 523 2626 [specics]
537 2558 627 2610 forma
641 2562 670 2610 et
681 2557 760 2609 notio
775 2557 829 2610 viri
845 2557 919 2610 boni.
957 2559 1006 2610 Cu-

164 2637 208 2689 dit
220 2653 288 2706 ergo
300 2637 330 2688 in
343 2637 436 2689 virum
449 2637 554 2690 bonum
566 2637 679 2690 mentiri
694 2638 874 2690 emolumenti
881 2637 929 2699 ¹sui
945 2654 1007 2691 caru-

163 2732 201 2785 sa,
217 2716 366 2783 criminari,
382 2717 546 2786 praeripere,
559 2716 675 2770 faillerel
712 2717 793 2771 Nihil
811 2718 937 2787 profecto
957 2719 1007 2771 mi-

163 2812 224 2850 nus.
262 2799 304 2851 82.
321 2798 372 2849 Est
382 2813 449 2865 crgo
462 2797 520 2849 ulla
533 2813 577 2849 res
586 2797 659 2850 tanti
668 2801 717 2849 aut
726 2799 905 2851 commodum
918 2799 1006 2851 ullum

163 2880 221 2928 tam
235 2877 473 2946 expetendum,ut
485 2874 539 2932 viri
551 2877 619 2929 boni
632 2882 660 2929 et
673 2878 849 2946 splendorem
865 2885 893 2931 et
905 2894 1006 2930 nomen

141 3020 147 3038 ι
163 2957 296 3011 amittas?
332 2957 410 3023 Quid
423 2961 465 3010 est
474 2957 552 3025 quod
564 2957 672 3010 adferre
681 2961 791 3010 tantum
800 2959 890 3027 possit
899 2957 1007 3010 utilitas

162 3037 216 3090 ista
229 3055 301 3106 quae
316 3037 428 3104 dicitur,
439 3043 576 3104 quantum
590 3037 704 3104 auferre,
718 3037 741 3090 si
755 3039 824 3090 boni
836 3039 890 3090 viri
904 3054 1006 3090 nomen

162 3117 305 3188 cripuerit,
317 3117 402 3170 fidem
420 3116 612 3187 iustitiamque
627 3117 799 3171 detraxeritl
836 3117 914 3184 Quid
932 3117 1006 3172 onim
