2256 3448
149 105 196 152 rao
459 101 509 150 na
524 61 679 152 ormena
784 61 788 71 ¹

148 185 229 240 annis
248 184 357 253 aliquot
371 187 436 254 post
450 184 583 237 inciderit
597 185 627 236 in
644 183 774 237 eumdem
791 185 921 238 morbum
938 203 990 239 nec

77 288 79 294 ·
148 267 184 318 ab
197 282 238 333 co,
247 264 361 333 quicum
371 263 524 334 pepigerat,
532 263 663 333 impetret
676 264 787 317 utitem
800 281 832 317 eo
843 265 927 318 liceat
939 267 990 334 uti,

149 346 219 414 quid
233 345 394 398 faciendum
411 345 454 399 sit.
492 347 563 398 Cum
581 345 618 398 sit
632 345 656 404 11Ι
674 344 851 413 inhumanus,
864 346 915 413 qui
932 363 990 400 non

149 425 292 491 concedat,
303 441 355 478 nce
370 424 396 478 ei
408 425 563 493 quidquam
575 425 625 478 fiat
638 424 765 493 iniuriae,
775 425 851 480 vitae
866 431 895 479 ct
907 426 991 480 saluti

148 505 439 559 consulendum—93.
455 505 551 571 Quid?
572 505 666 572 siqui
688 504 798 573 sapiens
819 509 934 574 rogatus
954 506 992 558 sit

149 587 185 638 ab
204 602 246 652 eo,
261 586 310 652 qui
330 602 393 639 cum
411 585 542 640 heredem
560 584 653 652 faciat,
670 587 757 637 “cum
779 583 806 637 ei
824 589 991 638 testamento

149 665 307 718 sestertium
324 666 435 719 miliens
452 665 633 732 relinquatur,
646 668 679 718 ut
697 668 762 716 ante
782 679 866 732 quam
884 665 992 718 heredi-

54 745 60 758 “
149 751 236 799 tatem
249 747 339 814 adeat,
349 748 412 799 luce
426 746 520 815 palam
532 745 562 796 in
571 744 632 798 foro
645 744 752 812 saltet,”
762 743 850 812 idque
863 761 892 798 se
904 745 992 800 iactu·

149 823 216 879 rum'
229 825 395 895 promiserit,
410 825 487 892 quod
506 823 588 878 aliter
606 824 738 876 heredem
756 839 820 876 eum
838 823 992 892 scriptums

150 906 198 958 ille
212 923 270 958 non
285 909 364 972 esset,
378 905 463 958 faciat
479 905 557 972 quod
571 903 729 972 promiserit
743 905 850 960 neonet
886 902 993 957 Promi-

152 986 219 1038 sisse
231 987 334 1038 nollem
348 989 377 1037 et
388 985 419 1036 id
432 983 552 1037 arbitror
563 983 649 1037 fuisse
662 983 816 1052 gravitatis.
853 983 993 1050 Quoniam

150 1055 287 1134 promisit,
298 1065 322 1116 si
334 1065 435 1118 saltare
446 1064 477 1116 in
489 1063 549 1116 foro
561 1068 644 1133 turpe
657 1065 750 1132 ducet,
761 1063 906 1116 honestius
918 1080 993 1116 men-

151 1145 245 1212 tietur,
259 1145 283 1197 si
301 1161 336 1198 ex
350 1143 509 1198 hereditate
526 1144 600 1196 nihil
615 1144 728 1213 ceperit,
742 1143 865 1212 quamsi
879 1145 992 1214 ceperit,

151 1225 207 1277 nisi
221 1224 293 1278 forte
311 1241 373 1278 cam
388 1224 536 1293 pecuniam
551 1223 581 1276 in
596 1224 636 1276 rei
651 1223 780 1292 publicae
796 1239 932 1292 magnum
946 1224 993 1276 ali·
1024 1239 1029 1250 ·

153 1306 230 1374 quod
250 1311 361 1374 tempus
381 1304 539 1371 contulerit,
555 1309 588 1356 ut
606 1305 652 1358 vel
664 1305 782 1372 saltere,
802 1319 866 1356 cum
886 1304 994 1374 patriae

152 1387 328 1440 consulturus
341 1385 385 1454 sit,
396 1390 480 1454 turpe
490 1401 547 1438 non
560 1384 604 1438 sit.

97 1506 105 1522 .
188 1469 277 1522 XXV.
315 1467 356 1520 94,
372 1467 416 1519 Ac
438 1482 473 1519 ne
496 1465 545 1518 illa
567 1464 682 1532 quidem
703 1464 839 1534 promissa
859 1465 995 1520 servanda

153 1547 227 1617 sunt,
240 1563 311 1616 quae
325 1563 382 1598 non
401 1551 467 1599 sunt
482 1546 517 1598 iis
530 1545 599 1614 ipsis
613 1545 702 1610 utilia,
713 1545 815 1613 quibus
829 1545 878 1598 illa
892 1546 995 1614 promi·

153 1628 227 1682 soris.
266 1629 313 1681 Sol
331 1626 504 1680 Phaethonti
521 1626 588 1694 filio,
603 1629 636 1678 ut
654 1627 800 1678 redeamus
822 1626 860 1679 ad
877 1625 994 1695 fabulas,

110 1717 114 1726 ·
153 1708 291 1760 facturum
306 1723 335 1760 so
350 1723 408 1760 esse
424 1706 498 1760 dixit
511 1705 653 1774 quidquid
668 1711 797 1775 optasset.
835 1707 953 1775 Optavit
964 1713 996 1779 ut

153 1787 184 1838 in
202 1803 311 1839 currum
326 1786 414 1854 patris
428 1788 579 1840 tolleretur.
618 1786 750 1839 Sublatus
768 1789 817 1840 est.
853 1789 945 1854 Atque
963 1787 994 1856 is,

154 1871 218 1918 ante
228 1882 312 1933 quarn
325 1865 459 1932 constitit,
468 1866 528 1918 ictu
536 1865 662 1918 fulminis
672 1865 845 1934 deflagravit.
883 1867 995 1932 Quanto

154 1947 253 2000 melius
265 1945 355 1998 fuerat
366 1944 397 1997 in
409 1945 465 1997 hoc
479 1947 646 2014 promissum
660 1945 748 2015 patris
762 1963 819 1998 non
834 1961 893 2008 essa
907 1963 996 2002 serva·

154 2030 230 2081 turni
265 2023 363 2093 Quid?
381 2027 459 2094 quod
471 2026 594 2078 Theseus
606 2025 701 2095 exegit
713 2026 881 2094 promissum
893 2043 910 2080 a
921 2029 996 2098 Nep·

154 2109 242 2161 timot
261 2107 307 2160 cui
319 2123 384 2159 cum
396 2111 452 2158 1111
467 2105 626 2175 optationes
637 2106 786 2174 Neptunus
801 2106 935 2176 dedisset,
948 2125 996 2177 op

154 2189 227 2242 tavit
242 2187 386 2258 interitum
401 2185 552 2256 Hippolyti
565 2185 625 2254 filii,
640 2201 703 2238 cum
721 2185 746 2238 is
760 2186 835 2255 patri
851 2193 997 2256 suspectus

155 2275 227 2322 osset
249 2269 284 2320 de
305 2284 431 2334 noverca,
451 2283 507 2335 quo
532 2270 630 2334 optato
651 2265 802 2334 impetrato
821 2267 944 2320 Theseus
966 2268 997 2320 in

155 2348 284 2402 maximis
302 2347 503 2401 fuit‘luctibus.
541 2349 582 2400 95.
600 2345 697 2412 Quid?
715 2345 911 2414 Agamemnon
933 2363 996 2400 cum

156 2430 315 2484 devovisset
329 2428 437 2481 Dianae
450 2431 466 2456 “
475 2427 553 2495 quod
565 2426 595 2478 in
611 2442 661 2478 suo
676 2441 763 2494 regno
778 2426 996 2494 pulcherrimum

155 2514 253 2561 natum
274 2512 344 2560 esset
365 2508 415 2560 illo
441 2507 539 2574 anno,”
558 2505 715 2561 immolavit
736 2505 922 2575 Iphigeniam,
942 2524 997 2575 qua

155 2589 228 2640 nihil
240 2593 298 2640 erat
313 2604 346 2640 eo
361 2587 476 2658 quidem
491 2601 564 2638 anno
579 2591 675 2638 natum
688 2585 840 2654 pulchrius.
877 2586 996 2640 Promis·

156 2684 216 2720 sum
229 2667 323 2736 potius
337 2684 392 2720 non
405 2667 565 2720 faciendum
581 2681 665 2732 quam
680 2669 738 2716 tam
752 2669 874 2717 taetrum
888 2663 996 2720 facinus

155 2747 362 2800 admittendum
382 2746 444 2801 fuit.
480 2747 556 2815 Ergo
580 2750 608 2797 et
629 2745 765 2814 promissa
788 2744 996 2798 nonfacienda

155 2845 213 2880 non
230 2843 381 2895 numquam
399 2843 488 2895 neque
506 2841 613 2899 semper
628 2825 756 2893 deposita
774 2825 930 2882 reddenda.
967 2826 996 2879 Si

156 2906 284 2975 gladium
299 2905 361 2973 quis
375 2907 452 2974 apud
467 2911 494 2957 tc
513 2922 581 2958 sana
598 2909 691 2957 mente
706 2905 875 2974 deposuerit,
888 2909 995 2975 repetat

156 2985 303 3052 insaniens,
313 2983 428 3035 reddere
442 2989 589 3052 peccatum
604 2984 648 3049 sit,
659 2983 782 3036 officium
797 3002 854 3036 non
869 2987 993 3039 reddere.

156 3064 288 3128 —Quidr
308 3063 331 3115 si
346 3062 377 3127 is,
392 3062 441 3127 qui
460 3063 536 3128 apud
550 3067 578 3115 te
594 3062 741 3130 pecuniam
758 3064 926 3133 deposuerit,
941 3067 994 3119 bel-
