2272 3442
151 107 182 154 68
460 101 510 148 DE
529 100 682 150 OFFICIIS

150 192 277 240 naturam
285 185 398 253 vimque
408 183 563 250 divisimus,
573 183 680 252 primus
689 183 745 251 ille,
756 181 805 250 qui
820 181 851 234 in
860 181 920 236 veri
930 177 1000 252 cog'-

151 266 258 318 nitione
273 264 410 330 consistit,
420 262 541 316 maxime
557 267 686 315 naturam
701 262 819 331 attingit
832 263 997 317 humanam.

152 347 254 396 Omnes
270 343 344 396 enim
364 342 502 395 trahimur
520 349 548 394 et
567 343 696 395 ducimur
718 343 755 394 ad
775 341 949 410 cognitionis
969 349 999 394 et

152 424 282 476 scientiae
302 423 496 492 cupiditatem,
514 421 545 474 in
560 438 616 491 qua
631 423 765 480 excellere
780 421 999 490 pulchrumpn·

152 512 250 571 tamna,
264 503 323 555 labi
341 511 443 568 antem,
457 518 552 567 errare,
566 499 681 566 nescire,
695 498 789 568 decipi
805 505 833 550 et
847 501 953 551 malum
969 506 998 550 et

152 587 233 652 turpe
249 583 387 637 ducimus.
424 583 458 634 In
473 583 528 634 hoc
542 596 643 649 genere
659 584 687 632 et
702 579 824 631 naturali
838 584 865 630 et
878 581 997 630 honesto

153 664 209 716 duo
225 664 296 718 vitia
311 663 427 716 vitanda
443 666 523 714 sunt:
542 677 638 728 unum,
651 677 686 712 ne
702 659 916 728 incognitapro
931 675 997 727 cog-

153 743 220 796 nitis
232 745 385 797 habeamus
397 743 488 809 iisque
499 746 602 794 temere
616 739 820 793 adsentiamur:
841 739 919 806 quod
932 738 997 790 riti-

154 841 201 877 um
219 825 338 893 effugere
355 822 403 889 qui
418 823 502 886 volet,
517 837 613 873 omnes
628 825 721 872 antem
735 821 808 874 velle
823 819 936 885 debent,
948 819 997 870 ad-

153 906 265 958 hibebit
275 905 313 956 ad
323 902 541 956 considerandas
554 917 597 954 res
610 904 637 954 et
646 905 758 970 tempus
770 905 799 952 et
809 899 996 968 diligentiam.

157 989 198 1038 19.
214 986 342 1036 Alterum
361 987 402 1035 est
416 981 524 1048 vitium,
539 981 615 1048 qnod
633 981 749 1049 quidam
764 980 848 1032 nimis
863 971 997 1048 magnum

155 1064 281 1122 studium
293 1063 466 1129 multamque
481 1077 594 1130 operam
606 1061 637 1113 in
646 1077 689 1112 res
702 1062 834 1113 obscuras
847 1066 930 1128 atque
943 1058 998 1110 dis-

154 1145 241 1197 ficiles
255 1142 401 1196 conferunt
419 1143 585 1210 easdemque
602 1157 659 1194 non
668 1141 849 1194 necessarias.
887 1140 998 1207 Quibus

157 1224 234 1276 vitiis
250 1222 398 1276 declinatis
414 1223 492 1290 quod
505 1221 536 1274 in
551 1223 633 1274 rebus
649 1221 774 1274 honestis
793 1226 821 1274 et
836 1219 997 1290 cognitione

157 1305 253 1376 dignis
266 1320 367 1374 operae
379 1319 518 1371 curaeque
531 1307 659 1372 ponetur,
669 1302 701 1356 id
714 1302 773 1356 iure
786 1301 956 1366 laudabitur,
965 1305 999 1352 ut

156 1386 186 1438 in
196 1384 345 1455 astrologia
356 1385 385 1439 O.
395 1383 550 1453 Sulpicium
559 1381 725 1449 audivimus,
733 1382 764 1434 in
772 1381 924 1452 geometria
935 1381 997 1433 Seu.

139 1459 322 1536 'Pompeium
335 1465 391 1534 ipsi
404 1463 596 1533 cognovimua
606 1464 710 1515 multos
723 1463 753 1514 in
766 1461 928 1528 dialecticis,
937 1462 999 1530 plu-

158 1563 201 1600 res
216 1547 247 1600 in
261 1548 320 1599 inre
336 1545 428 1597 civili:
449 1561 520 1611 qnae
536 1560 631 1596 omnes
646 1548 719 1596 artes
733 1543 763 1596 in
775 1543 999 1610 veriinvestiga-

157 1629 234 1681 tione
249 1630 401 1689 versantur,
415 1624 494 1677 cuius
508 1624 603 1677 studio
619 1641 635 1677 a
649 1625 731 1678 rebus
747 1624 877 1693 gerendis
895 1621 999 1676 abduci

158 1715 256 1760 contra
271 1705 395 1758 officium
410 1709 460 1759 est.
494 1705 616 1760 Virtutis
631 1704 705 1757 enim
720 1707 780 1758 laus
799 1701 889 1756 omnis
906 1704 937 1755 in
956 1718 999 1756 ac-

158 1788 234 1840 tione
247 1784 389 1838 consistit:
409 1801 425 1837 a
438 1801 494 1852 qua
504 1789 597 1838 tamen
610 1785 643 1838 fit
654 1785 823 1838 intermissio
836 1800 917 1854 saepe
929 1784 999 1835 mul·

158 1869 236 1936 tique
256 1868 359 1919 dantur
378 1866 415 1918 ad
434 1866 529 1919 studia
548 1867 662 1934 reditus,
675 1871 736 1919 tum
755 1865 874 1936 agitatio
890 1864 999 1930 mentis,

160 1965 230 2017 qnae
243 1962 396 2013 numquam
410 1946 571 2014 acquiescit,
582 1951 676 2016 potest
685 1963 735 1999 nos
748 1946 778 1998 in
791 1945 892 2015 studiis
905 1943 999 2012 cogni-

159 2029 244 2081 tionis
254 2028 338 2080 ctiam
349 2027 408 2080 sine
418 2044 503 2099 opera
512 2033 607 2082 nostra
616 2028 765 2081 continere.
796 2027 894 2080 Omnis
906 2031 1000 2078 autem

80 2163 85 2170 ,
160 2108 296 2179 cogitatio
308 2113 457 2178 motusque
470 2108 557 2162 animi
570 2109 657 2162 autin
670 2107 794 2161 consiliis
807 2106 951 2176 capiendis
964 2106 999 2157 de

160 2193 242 2245 rebus
257 2191 384 2256 honestis
403 2198 431 2245 et
445 2191 651 2262 pertinentibus
670 2191 706 2242 ad
722 2191 791 2242 bene
809 2190 944 2256 beateque
959 2187 999 2237 vi-

160 2275 283 2326 vendum
299 2273 393 2326 autin
409 2272 511 2326 studiis
526 2271 658 2324 scientiae
674 2269 899 2338 cognitionisque
912 2283 1000 2320 versa-

160 2354 244 2409 bitur.
281 2355 324 2407 Ac
338 2354 477 2422 deprimo
491 2353 606 2420 quidem
619 2350 704 2402 officii
716 2349 794 2402 fonte
807 2349 938 2402 diximus

197 2435 259 2487 VII.
285 2436 326 2486 20.
343 2434 386 2484 De
398 2433 487 2484 tribus
502 2437 595 2483 antem
606 2430 721 2498 reliquis
733 2429 866 2482 latissime
878 2431 956 2497 patet
968 2443 1000 2478 ea

162 2512 240 2575 ratio,
255 2529 310 2578 qna
328 2512 446 2564 societas
461 2511 604 2563 hominum
618 2511 692 2563 inter
703 2509 785 2579 ipsos
795 2514 823 2562 et
834 2508 908 2562 vitae
921 2506 1001 2575 quasi

162 2590 348 2642 communitas
361 2590 528 2643 continetur.
561 2590 646 2641 Ocius
658 2595 752 2658 partes
765 2590 836 2642 dnae
850 2593 928 2641 sunt:
948 2586 1000 2638 ius-

161 2669 234 2736 titia,
244 2670 274 2719 in
288 2685 344 2736 qua
356 2669 469 2723 virtutis
482 2673 524 2722 est
534 2669 665 2738 splendor
676 2669 823 2737 maximus,
833 2685 868 2722 ex
881 2685 936 2736 qua
948 2666 1001 2718 viri

162 2748 231 2800 boni
242 2748 429 2815 nominantur,
438 2753 467 2801 et
478 2749 544 2801 huic
558 2748 706 2800 coniuncta
717 2749 907 2815 beneficentia,
918 2765 1000 2816 quarn

164 2830 290 2882 eamdem
305 2829 569 2898 velbenignitatenr
584 2831 628 2882 vel
647 2829 843 2882 liberalitatem
862 2830 1000 2897 appellare

164 2909 238 2966 licet.
272 2909 328 2962 Sed
341 2908 465 2962 iustitiae
480 2909 601 2978 primum
614 2925 715 2961 munus
728 2913 866 2975 astutae
881 2907 927 2960 cui
940 2907 1001 2974 quis

164 2993 264 3043 noceat
279 2989 495 3042 nistncessitus
513 2989 622 3052 iniuria,
637 2989 741 3041 deinde
760 2995 792 3040 ut
809 2987 1000 3040 communibus

164 3085 216 3138 pro
228 3060 423 3123 communibus
434 3073 537 3136 utatur,
546 3068 664 3136 privatis
677 3075 708 3120 ut
721 3068 785 3119 suis.
817 3071 859 3120 21.
874 3069 944 3119 Sunt
957 3083 1000 3118 au-
