2272 3442
134 131 166 176 86
366 124 404 174 Μ.
422 122 548 172 TULLII
570 117 760 169 CICERONIS
809 128 831 156 θ

136 207 209 260 nullo
221 203 461 260 locoexclud1t1ur
477 216 616 270 nunquam
634 197 833 282 intempestiva,
849 207 992 261 nunquam

136 278 250 328 molesta
268 281 326 328 est:
344 275 437 339 itaque
455 289 509 325 noa
527 288 604 339 aqua,
622 288 675 322 nou
692 270 757 337 igni,
775 275 807 321 ut
825 269 908 334 aiunt,
921 267 988 318 locis

136 350 259 416 pluribus
281 351 384 402 utimur
407 364 488 414 quam
510 347 636 400 anrieitia.
672 345 770 412 Neque
793 359 844 412 ego
862 358 934 394 nunc
951 340 988 394 de
1059 407 1062 414 Ι

137 425 237 492 vulgari
250 426 298 476 aut
310 421 344 475 de
357 420 495 488 mediocri,
508 436 578 488 quae
591 419 710 472 tamen'
701 435 761 486 rpsa
780 422 809 472 et
825 419 945 472 delectat
956 422 987 474 et

134 499 254 567 prodest,
280 497 329 550 scd
347 496 383 549 de
400 513 466 549 vera
478 499 512 562 ⁵et
523 495 646 563 perfecta
662 495 759 562 loquor
781 494 869 562 qualis
891 511 985 548 eorum

134 575 181 641 qui
209 574 286 641 pauci
311 572 484 626 nominantur
511 571 570 624 fuit.
624 571 696 623 Nam
724 573 754 623 et
781 570 914 622 secundas
940 587 986 626 res

134 648 332 738 splendidiores
349 647 415 701 facit
434 646 527 700 amicit
528 646 596 714 ia‚e
580 649 610 700 t
625 645 755 699 adversas
774 649 837 712 part
825 645 896 699 tiens
914 663 986 700 eom-

133 740 327 792 unrcaasque
339 723 461 776 leviores
897 745 914 773 ς,
942 753 943 763 ι
999 761 1001 770 ,

189 799 258 852 Vll.
284 805 325 852 23
350 799 499 886 'Quumque
515 797 646 863 plurimas
664 799 693 850 et
716 796 848 850 maximas
868 813 985 851 commo

133 875 237 929 ditatas
257 875 335 928 amici
337 874 375 926 tia
337 875 538 938 teontineat‚
559 875 620 925 tum
640 872 688 936 illa
710 873 838 925 nimirum
861 877 985 942 praestat
1014 885 1022 918 i
1051 873 1056 878 ⁵

56 1005 60 1022 Ι
133 950 258 1002 omnibus
288 949 362 1017 quod
384 948 457 1000 bona
481 965 528 1016 spe
551 948 723 1015 praelucet'
715 965 744 1000 m
766 953 907 1016 posterum
933 966 985 1004 nec

134 1023 271 1077 debilitari
295 1024 403 1077 animos
427 1027 476 1076 aut
497 1023 596 1091 eadere
619 1024 730 1091 patitur.
780 1024 882 1077 Verum
912 1025 984 1078 enim

134 1100 251 1152 amicum
268 1099 316 1166 qui
337 1099 468 1166 intuetur,
493 1103 633 1165 tamquam
654 1099 795 1167 exemplar
818 1100 928 1168 aliquod
946 1101 985 1153 in·

134 1178 227 1228 tuetur
247 1175 295 1227 sui.
332 1174 463 1238 Quocirca
486 1179 515 1227 et
539 1174 666 1226 absentes
694 1175 795 1228 adsunt
819 1179 848 1228 et
872 1179 984 1243 egentes
1025 1206 1063 1249 ⁸-
1121 1181 1122 1186 ’

49 1298 55 1310 ,
133 1249 273 1302 abundant
290 1254 319 1304 et
337 1251 465 1304 imbecilli
482 1249 581 1316 valent,
601 1253 638 1316 et,
661 1249 735 1318 quod
754 1250 888 1303 difficilius
907 1251 984 1307 dictu
1005 1251 1010 1261 ¹

133 1328 183 1390 est,
192 1326 292 1378 mortui
304 1326 397 1380 vivunt
407 1347 414 1391 ;
432 1329 526 1379 tantus
545 1343 591 1378 eos
609 1325 701 1394 honos,
720 1327 857 1394 memoria,
876 1326 983 1380 deside·

133 1402 203 1454 rium
231 1403 407 1471 prosequitur
431 1403 586 1456 amicorum.
624 1403 666 1455 Ex
692 1418 745 1469 quo
771 1402 879 1455 illorum
902 1403 983 1456 beata

133 1491 205 1530 mors
218 1478 334 1545 videtur,
346 1478 442 1530 horum
459 1479 517 1531 vita
528 1477 678 1530 laudabilis.
715 1477 794 1541 Quod
811 1478 833 1530 si
848 1479 982 1532 exemeris

134 1569 166 1605 ex
197 1570 289 1606 rerum
322 1557 420 1606 natura
450 1553 655 1606 benevolentiae
682 1552 906 1620 conjunctionem,
932 1571 983 1608 noe

134 1627 230 1680 domus
253 1629 309 1682 ulla
332 1645 381 1682 nee
405 1628 470 1681 urbs
492 1633 565 1681 stare
586 1628 706 1696 poterit;
728 1645 763 1680 no
786 1629 846 1696 agri
869 1629 980 1698 quidem

134 1703 223 1756 cultus
249 1703 426 1772 errrancbit.
470 1704 505 1756 Id
524 1704 546 1756 si
572 1704 660 1756 minus
688 1703 857 1772 intelligitur,
879 1709 982 1773 quanta

133 1778 174 1831 vis
190 1779 324 1832 amicitiae
339 1779 553 1846 concordiaeque
569 1779 606 1832 sit
618 1796 652 1830 ex
665 1779 879 1833 dissensionibus
898 1784 981 1848 atquo

134 1853 277 1906 discordiis
292 1855 395 1922 percipi
411 1858 510 1922 potest.
550 1854 625 1918 Quae
644 1855 715 1906 enim
735 1855 831 1908 domus
851 1859 907 1908 tam
926 1861 981 1909 sta-

134 1929 204 1994 bilis,
218 1946 288 1996 quae
300 1933 357 1982 tam
369 1930 448 1982 firma
465 1930 559 1982 civitas
576 1933 626 1996 est,
645 1947 716 1998 quae
735 1947 789 1982 non
808 1931 878 1984 odiis
897 1934 980 1998 atque

117 2021 119 2028 ’
132 2004 252 2058 discidiis
265 2005 389 2058 funditus
405 2006 492 2072 possit
507 2005 613 2058 evertit
633 2023 667 2058 ex
690 2023 743 2074 quo
765 2012 897 2074 quantum
915 2007 979 2059 boni
990 2045 1014 2072 s.

130 2081 166 2133 sit
192 2081 220 2133 in
250 2081 370 2134 amicitia
404 2081 523 2148 judicari
556 2084 655 2149 potest.
700 2087 740 2134 24.
767 2083 1001 2151 Agrigentinum.

127 2155 238 2224 quidem
260 2157 371 2210 doctum
396 2156 532 2226 quendam
556 2157 645 2210 virum
674 2158 839 2212 carminibus
867 2158 979 2212 Graecis

126 2233 301 2286 vaticinatum
314 2233 413 2301 ferunt,
422 2250 492 2301 quae
501 2234 528 2286 in
536 2250 628 2287 rerum
638 2237 736 2287 natura
752 2237 866 2302 totoque
877 2235 979 2288 mundo

126 2312 282 2363 constarent
305 2327 430 2379 quaeque
453 2313 636 2376 moverentur,
654 2327 686 2363 ea
703 2310 863 2362 contrahere
887 2311 978 2363 amiei-

125 2383 200 2452 tiam,
216 2385 349 2453 dissipare
367 2386 537 2439 discordiam.
575 2389 669 2452 Atque
686 2385 737 2436 hoc
757 2385 868 2451 quidem
884 2399 978 2438 omnes

126 2461 255 2514 mortales
267 2465 296 2513 et
314 2463 470 2528 intelligunt
483 2466 511 2514 et
522 2479 553 2514 re
564 2461 691 2529 probant.
729 2460 828 2525 Itaque
837 2459 859 2510 si
870 2459 978 2524 quando
1039 2459 1041 2466 ’

125 2535 238 2602 aliquod
250 2536 367 2588 officium
384 2537 492 2588 exstitit
504 2536 583 2588 amici
595 2535 623 2586 ιιι
635 2533 763 2604 periculis
777 2537 825 2586 aut
844 2533 977 2587 adeundis

125 2615 173 2663 aut
190 2611 425 2676 communicandis,
438 2612 500 2678 quis
518 2615 560 2664 est
573 2610 621 2678 qui
634 2610 662 2661 id
675 2627 727 2661 non
740 2609 866 2661 maximis
881 2609 977 2672 efferat

125 2685 274 2740 laudibus?
312 2686 364 2751 Qui
380 2686 510 2740 clamores
528 2689 588 2739 tota
606 2702 687 2741 eavea
706 2701 794 2752 nuper
812 2687 840 2738 in
861 2685 976 2753 hospitis

126 2765 155 2814 et
174 2762 253 2814 amici
267 2763 321 2815 mei
337 2763 374 2815 M.
388 2762 506 2826 Pacuvii
513 2778 583 2814 nova
599 2761 708 2825 fabula3
729 2779 812 2829 quum
834 2762 976 2828 ignorante
1020 2817 1024 2828 ,
1075 2825 1077 2832 ¹

125 2854 191 2906 rege
212 2842 275 2891 uter
296 2835 413 2909 [eorum]
435 2841 508 2890 esset
569 2842 649 2906 estes,
663 2838 779 2906 Pylades
801 2839 926 2891 Orestem
945 2855 975 2891 so

125 2930 185 2967 esso
204 2913 317 2981 diceret,
330 2918 362 2967 ut
374 2930 424 2982 pro
443 2913 489 2965 illo
508 2930 575 2967 neca
608 2918 671 2980 tur;
691 2915 804 2968 Orestes
824 2914 977 2980 auten1‚ita

125 2999 156 3042 ut
177 2994 245 3056 crat,
265 2989 391 3043 Orestem
411 3006 440 3042 sc
460 3006 520 3042 esse
539 3006 619 3057 perse
654 2995 734 3043 rarct.
772 2991 883 3044 Stantes
899 2989 975 3058 plau-

125 3066 227 3121 debant
248 3066 275 3118 in
294 3083 324 3118 re
345 3066 424 3118 ficta:
447 3065 516 3132 quid
538 3066 658 3120 arbitrari
726 3067 753 3117 in
773 3084 837 3120 vcra
856 3068 975 3120 facturos

124 3140 228 3196 luisset
264 3142 356 3196 Facile
368 3140 508 3194 indicabat
524 3141 583 3209 ipsa
597 3147 695 3195 natura
732 3142 766 3194 ἰι
785 3161 870 3210 stram,
890 3158 974 3212 quum
1031 3209 1049 3216 ..
