<?xml version="1.0" encoding="UTF-8"?>
<!DOCTYPE html PUBLIC "-//W3C//DTD XHTML 1.0 Transitional//EN"
    "http://www.w3.org/TR/xhtml1/DTD/xhtml1-transitional.dtd">
<html xmlns="http://www.w3.org/1999/xhtml" xml:lang="en" lang="en">
 <head>
  <title>
</title>
<meta http-equiv="Content-Type" content="text/html;charset=utf-8" />
  <meta name='ocr-system' content='tesseract 3.04.00' />
  <meta name='ocr-capabilities' content='ocr_page ocr_carea ocr_par ocr_line ocrx_word'/>
</head>
<body>
  <div class='ocr_page' id='page_1' title='image "./mtulliiciceroni01longgoog_0164.png"; bbox 0 0 2256 3448; ppageno 0'>
   <div class='ocr_carea' id='block_1_1' title="bbox 331 133 1009 200">
    <p class='ocr_par' dir='ltr' id='par_1_1' title="bbox 331 133 1009 200">
     <span class='ocr_line' id='line_1_1' title="bbox 331 133 1009 200; baseline 0.01 -16"><span class='ocrx_word' id='word_1_1' title='bbox 331 133 400 186; x_wconf 80' lang='lat' dir='ltr'><strong>nin.</strong></span> <span class='ocrx_word' id='word_1_2' title='bbox 411 136 480 196; x_wconf 80' lang='lat' dir='ltr'><strong>mr,</strong></span> <span class='ocrx_word' id='word_1_3' title='bbox 495 136 574 186; x_wconf 78' lang='lat' dir='ltr'><strong>ene.</strong></span> <span class='ocrx_word' id='word_1_4' title='bbox 591 135 708 200; x_wconf 88' lang='lat' dir='ltr'>111.-v.‚</span> <span class='ocrx_word' id='word_1_5' title='bbox 724 136 738 198; x_wconf 71' lang='lat' dir='ltr'><strong>s</strong></span> <span class='ocrx_word' id='word_1_6' title='bbox 752 141 840 190; x_wconf 81' lang='lat' dir='ltr'><strong>m-ar.</strong></span> <span class='ocrx_word' id='word_1_7' title='bbox 953 144 1009 191; x_wconf 75' lang='lat'><strong>³155</strong></span> 
     </span>
    </p>
   </div>
   <div class='ocr_carea' id='block_1_2' title="bbox 81 219 1008 1012">
    <p class='ocr_par' dir='ltr' id='par_1_2' title="bbox 81 219 1008 1012">
     <span class='ocr_line' id='line_1_2' title="bbox 162 219 1008 293; baseline 0.006 -21"><span class='ocrx_word' id='word_1_8' title='bbox 162 220 200 272; x_wconf 89' lang='lat' dir='ltr'><strong>ris</strong></span> <span class='ocrx_word' id='word_1_9' title='bbox 219 223 324 289; x_wconf 86' lang='lat' dir='ltr'><strong>putare</strong></span> <span class='ocrx_word' id='word_1_10' title='bbox 337 219 414 288; x_wconf 89' lang='lat' dir='ltr'><strong>quod</strong></span> <span class='ocrx_word' id='word_1_11' title='bbox 433 220 503 272; x_wconf 90' lang='lat' dir='ltr'><strong>utile</strong></span> <span class='ocrx_word' id='word_1_12' title='bbox 516 219 646 273; x_wconf 89' lang='lat' dir='ltr'><strong>videatur</strong></span> <span class='ocrx_word' id='word_1_13' title='bbox 661 237 745 290; x_wconf 92' lang='lat' dir='ltr'><strong>quam</strong></span> <span class='ocrx_word' id='word_1_14' title='bbox 757 223 834 290; x_wconf 91' lang='lat' dir='ltr'><strong>quod</strong></span> <span class='ocrx_word' id='word_1_15' title='bbox 852 223 1008 293; x_wconf 90' lang='lat' dir='ltr'><strong>honestum,</strong></span> 
     </span>
     <span class='ocr_line' id='line_1_3' title="bbox 161 299 1008 369; baseline 0.001 -14"><span class='ocrx_word' id='word_1_16' title='bbox 161 300 309 354; x_wconf 89' lang='lat' dir='ltr'><strong>sedetiam</strong></span> <span class='ocrx_word' id='word_1_17' title='bbox 322 300 391 351; x_wconf 86' lang='lat' dir='ltr'><strong>haec</strong></span> <span class='ocrx_word' id='word_1_18' title='bbox 403 299 476 352; x_wconf 89' lang='lat' dir='ltr'><strong>inter</strong></span> <span class='ocrx_word' id='word_1_19' title='bbox 489 316 517 352; x_wconf 91' lang='lat' dir='ltr'><strong>se</strong></span> <span class='ocrx_word' id='word_1_20' title='bbox 531 315 690 369; x_wconf 87' lang='lat' dir='ltr'><strong>comparare</strong></span> <span class='ocrx_word' id='word_1_21' title='bbox 703 308 731 354; x_wconf 90' lang='lat' dir='ltr'><strong>et</strong></span> <span class='ocrx_word' id='word_1_22' title='bbox 743 302 773 354; x_wconf 93' lang='lat' dir='ltr'><strong>in</strong></span> <span class='ocrx_word' id='word_1_23' title='bbox 783 302 827 356; x_wconf 88' lang='lat' dir='ltr'><strong>his</strong></span> <span class='ocrx_word' id='word_1_24' title='bbox 840 304 1008 357; x_wconf 82' lang='lat' dir='ltr'><strong>addubitare</strong></span> 
     </span>
     <span class='ocr_line' id='line_1_4' title="bbox 160 380 1008 452; baseline 0.004 -18"><span class='ocrx_word' id='word_1_25' title='bbox 160 381 356 451; x_wconf 86' lang='lat' dir='ltr'><strong>turpissimum</strong></span> <span class='ocrx_word' id='word_1_26' title='bbox 371 385 419 432; x_wconf 89' lang='lat' dir='ltr'><strong>est.</strong></span> <span class='ocrx_word' id='word_1_27' title='bbox 451 380 526 446; x_wconf 79' lang='lat' dir='ltr'><strong>Quid</strong></span> <span class='ocrx_word' id='word_1_28' title='bbox 542 396 609 449; x_wconf 85' lang='lat' dir='ltr'><strong>ergo</strong></span> <span class='ocrx_word' id='word_1_29' title='bbox 628 385 677 448; x_wconf 86' lang='lat' dir='ltr'><strong>est,</strong></span> <span class='ocrx_word' id='word_1_30' title='bbox 691 383 769 448; x_wconf 90' lang='lat' dir='ltr'><strong>quod</strong></span> <span class='ocrx_word' id='word_1_31' title='bbox 784 399 841 434; x_wconf 92' lang='lat' dir='ltr'><strong>non</strong></span> <span class='ocrx_word' id='word_1_32' title='bbox 855 399 1008 452; x_wconf 81' lang='lat' dir='ltr'>numquam</span> 
     </span>
     <span class='ocr_line' id='line_1_5' title="bbox 160 459 1007 532; baseline 0.005 -18"><span class='ocrx_word' id='word_1_33' title='bbox 160 461 369 516; x_wconf 81' lang='lat' dir='ltr'>dubitationem</span> <span class='ocrx_word' id='word_1_34' title='bbox 385 459 493 512; x_wconf 84' lang='lat' dir='ltr'><strong>adferre</strong></span> <span class='ocrx_word' id='word_1_35' title='bbox 508 463 596 514; x_wconf 83' lang='lat' dir='ltr'>soleat</span> <span class='ocrx_word' id='word_1_36' title='bbox 612 462 901 532; x_wconf 84' lang='lat' dir='ltr'><strong>considerandumque</strong></span> <span class='ocrx_word' id='word_1_37' title='bbox 913 465 1007 519; x_wconf 89' lang='lat' dir='ltr'><strong>videa-</strong></span> 
     </span>
     <span class='ocr_line' id='line_1_6' title="bbox 158 541 1006 615; baseline 0.004 -19"><span class='ocrx_word' id='word_1_38' title='bbox 158 547 224 598; x_wconf 84' lang='lat' dir='ltr'><strong>turl</strong></span> <span class='ocrx_word' id='word_1_39' title='bbox 259 541 359 609; x_wconf 82' lang='lat' dir='ltr'><strong>Credo,</strong></span> <span class='ocrx_word' id='word_1_40' title='bbox 373 541 396 594; x_wconf 87' lang='lat' dir='ltr'><strong>si</strong></span> <span class='ocrx_word' id='word_1_41' title='bbox 410 541 526 609; x_wconf 87' lang='lat' dir='ltr'><strong>quando</strong></span> <span class='ocrx_word' id='word_1_42' title='bbox 535 541 684 602; x_wconf 63' lang='lat' dir='ltr'><strong>,dubitatio</strong></span> <span class='ocrx_word' id='word_1_43' title='bbox 700 543 805 596; x_wconf 90' lang='lat' dir='ltr'><strong>accidit</strong></span> <span class='ocrx_word' id='word_1_44' title='bbox 818 546 899 612; x_wconf 89' lang='lat' dir='ltr'><strong>quale</strong></span> <span class='ocrx_word' id='word_1_45' title='bbox 915 545 952 598; x_wconf 90' lang='lat' dir='ltr'><strong>sit</strong></span> <span class='ocrx_word' id='word_1_46' title='bbox 965 545 1006 615; x_wconf 93' lang='lat' dir='ltr'><strong>id,</strong></span> 
     </span>
     <span class='ocr_line' id='line_1_7' title="bbox 81 622 1005 696; baseline 0.001 -19"><span class='ocrx_word' id='word_1_47' title='bbox 81 693 83 696; x_wconf 21' lang='grc' dir='ltr'>Ι</span> <span class='ocrx_word' id='word_1_48' title='bbox 159 626 268 692; x_wconf 89' lang='lat' dir='ltr'><strong>dequo</strong></span> <span class='ocrx_word' id='word_1_49' title='bbox 288 622 487 675; x_wconf 82' lang='lat' dir='ltr'><strong>consideretur.</strong></span> <span class='ocrx_word' id='word_1_50' title='bbox 522 625 562 676; x_wconf 89' lang='lat'><strong>19.</strong></span> <span class='ocrx_word' id='word_1_51' title='bbox 580 623 667 692; x_wconf 81' lang='lat' dir='ltr'><strong>Saepe</strong></span> <span class='ocrx_word' id='word_1_52' title='bbox 687 623 762 675; x_wconf 91' lang='lat' dir='ltr'><strong>enim</strong></span> <span class='ocrx_word' id='word_1_53' title='bbox 780 629 904 693; x_wconf 88' lang='lat' dir='ltr'><strong>tempore</strong></span> <span class='ocrx_word' id='word_1_54' title='bbox 920 625 953 678; x_wconf 91' lang='lat' dir='ltr'><strong>fit</strong></span> <span class='ocrx_word' id='word_1_55' title='bbox 965 631 1005 695; x_wconf 88' lang='lat' dir='ltr'><strong>ut,</strong></span> 
     </span>
     <span class='ocr_line' id='line_1_8' title="bbox 159 704 1005 774; baseline 0.002 -16"><span class='ocrx_word' id='word_1_56' title='bbox 159 707 236 774; x_wconf 92' lang='lat' dir='ltr'><strong>quod</strong></span> <span class='ocrx_word' id='word_1_57' title='bbox 256 709 340 774; x_wconf 84' lang='lat' dir='ltr'><strong>turpe</strong></span> <span class='ocrx_word' id='word_1_58' title='bbox 359 705 525 773; x_wconf 86' lang='lat' dir='ltr'><strong>plerumque</strong></span> <span class='ocrx_word' id='word_1_59' title='bbox 544 704 642 756; x_wconf 85' lang='lat' dir='ltr'><strong>haberi</strong></span> <span class='ocrx_word' id='word_1_60' title='bbox 662 705 757 770; x_wconf 82' lang='lat' dir='ltr'><strong>soleat,</strong></span> <span class='ocrx_word' id='word_1_61' title='bbox 771 704 930 758; x_wconf 84' lang='lat' dir='ltr'><strong>inveniatur</strong></span> <span class='ocrx_word' id='word_1_62' title='bbox 948 723 1005 760; x_wconf 93' lang='lat' dir='ltr'><strong>non</strong></span> 
     </span>
     <span class='ocr_line' id='line_1_9' title="bbox 158 784 1005 855; baseline 0 -16"><span class='ocrx_word' id='word_1_63' title='bbox 158 803 217 839; x_wconf 89' lang='lat' dir='ltr'><strong>esse</strong></span> <span class='ocrx_word' id='word_1_64' title='bbox 232 792 324 854; x_wconf 80' lang='lat' dir='ltr'><strong>turpe.</strong></span> <span class='ocrx_word' id='word_1_65' title='bbox 361 785 492 854; x_wconf 82' lang='lat' dir='ltr'><strong>Exempli</strong></span> <span class='ocrx_word' id='word_1_66' title='bbox 508 800 591 837; x_wconf 88' lang='lat' dir='ltr'><strong>causa</strong></span> <span class='ocrx_word' id='word_1_67' title='bbox 606 792 727 852; x_wconf 90' lang='lat' dir='ltr'><strong>ponatur</strong></span> <span class='ocrx_word' id='word_1_68' title='bbox 743 784 851 852; x_wconf 92' lang='lat' dir='ltr'><strong>aliquid</strong></span> <span class='ocrx_word' id='word_1_69' title='bbox 866 786 942 852; x_wconf 93' lang='lat' dir='ltr'><strong>quod</strong></span> <span class='ocrx_word' id='word_1_70' title='bbox 957 803 1005 855; x_wconf 89' lang='lat' dir='ltr'><strong>pa·</strong></span> 
     </span>
     <span class='ocr_line' id='line_1_10' title="bbox 159 864 1004 934; baseline 0.002 -16"><span class='ocrx_word' id='word_1_71' title='bbox 159 871 218 919; x_wconf 88' lang='lat' dir='ltr'><strong>teat</strong></span> <span class='ocrx_word' id='word_1_72' title='bbox 230 866 324 919; x_wconf 88' lang='lat' dir='ltr'><strong>latius.</strong></span> <span class='ocrx_word' id='word_1_73' title='bbox 359 866 442 932; x_wconf 74' lang='lat' dir='ltr'><strong>Quod</strong></span> <span class='ocrx_word' id='word_1_74' title='bbox 457 870 551 934; x_wconf 90' lang='lat' dir='ltr'><strong>potest</strong></span> <span class='ocrx_word' id='word_1_75' title='bbox 565 864 655 916; x_wconf 92' lang='lat' dir='ltr'><strong>maius</strong></span> <span class='ocrx_word' id='word_1_76' title='bbox 668 881 729 918; x_wconf 87' lang='lat' dir='ltr'><strong>esse</strong></span> <span class='ocrx_word' id='word_1_77' title='bbox 744 867 833 918; x_wconf 87' lang='lat' dir='ltr'><strong>scelus</strong></span> <span class='ocrx_word' id='word_1_78' title='bbox 848 881 932 933; x_wconf 88' lang='lat' dir='ltr'><strong>quam</strong></span> <span class='ocrx_word' id='word_1_79' title='bbox 947 883 1004 920; x_wconf 89' lang='lat' dir='ltr'><strong>non</strong></span> 
     </span>
     <span class='ocr_line' id='line_1_11' title="bbox 156 945 1004 1012; baseline 0 -14"><span class='ocrx_word' id='word_1_80' title='bbox 156 949 243 1000; x_wconf 92' lang='lat' dir='ltr'><strong>modo</strong></span> <span class='ocrx_word' id='word_1_81' title='bbox 258 945 409 1012; x_wconf 87' lang='lat' dir='ltr'><strong>bominem,</strong></span> <span class='ocrx_word' id='word_1_82' title='bbox 423 945 473 998; x_wconf 92' lang='lat' dir='ltr'><strong>sed</strong></span> <span class='ocrx_word' id='word_1_83' title='bbox 493 945 578 998; x_wconf 89' lang='lat' dir='ltr'><strong>etiam</strong></span> <span class='ocrx_word' id='word_1_84' title='bbox 594 945 760 998; x_wconf 80' lang='lat' dir='ltr'><strong>familiarem</strong></span> <span class='ocrx_word' id='word_1_85' title='bbox 776 945 918 1000; x_wconf 89' lang='lat' dir='ltr'><strong>hominem</strong></span> <span class='ocrx_word' id='word_1_86' title='bbox 933 946 1004 999; x_wconf 83' lang='lat' dir='ltr'><strong>oeci-</strong></span> 
     </span>
    </p>
   </div>
   <div class='ocr_carea' id='block_1_3' title="bbox 158 1026 1082 1095">
    <p class='ocr_par' dir='ltr' id='par_1_3' title="bbox 158 1026 1082 1095">
     <span class='ocr_line' id='line_1_12' title="bbox 158 1026 1082 1095; baseline -0.002 -15"><span class='ocrx_word' id='word_1_87' title='bbox 158 1029 243 1082; x_wconf 82' lang='lat' dir='ltr'><strong>derel</strong></span> <span class='ocrx_word' id='word_1_88' title='bbox 275 1027 352 1080; x_wconf 90' lang='lat' dir='ltr'><strong>Num</strong></span> <span class='ocrx_word' id='word_1_89' title='bbox 362 1026 449 1095; x_wconf 90' lang='lat' dir='ltr'><strong>igitur</strong></span> <span class='ocrx_word' id='word_1_90' title='bbox 459 1041 488 1079; x_wconf 92' lang='lat' dir='ltr'><strong>se</strong></span> <span class='ocrx_word' id='word_1_91' title='bbox 500 1026 630 1080; x_wconf 88' lang='lat' dir='ltr'><strong>astrinxit</strong></span> <span class='ocrx_word' id='word_1_92' title='bbox 640 1028 749 1095; x_wconf 87' lang='lat' dir='ltr'><strong>scelere,</strong></span> <span class='ocrx_word' id='word_1_93' title='bbox 759 1026 842 1094; x_wconf 90' lang='lat' dir='ltr'><strong>siqui</strong></span> <span class='ocrx_word' id='word_1_94' title='bbox 855 1031 1003 1095; x_wconf 82' lang='lat' dir='ltr'><strong>tyrannum</strong></span> <span class='ocrx_word' id='word_1_95' title='bbox 1076 1067 1082 1078; x_wconf 92' lang='lat'><strong><em>.</em></strong></span> 
     </span>
    </p>
   </div>
   <div class='ocr_carea' id='block_1_4' title="bbox 99 1107 1003 3012">
    <p class='ocr_par' dir='ltr' id='par_1_4' title="bbox 99 1107 1003 3012">
     <span class='ocr_line' id='line_1_13' title="bbox 160 1107 1003 1178; baseline -0.002 -16"><span class='ocrx_word' id='word_1_96' title='bbox 160 1108 269 1162; x_wconf 91' lang='lat' dir='ltr'><strong>occidit</strong></span> <span class='ocrx_word' id='word_1_97' title='bbox 278 1107 406 1175; x_wconf 89' lang='lat' dir='ltr'><strong>quamvis</strong></span> <span class='ocrx_word' id='word_1_98' title='bbox 416 1107 598 1161; x_wconf 84' lang='lat' dir='ltr'><strong>familiareml</strong></span> <span class='ocrx_word' id='word_1_99' title='bbox 631 1109 741 1178; x_wconf 91' lang='lat' dir='ltr'><strong>Populo</strong></span> <span class='ocrx_word' id='word_1_100' title='bbox 751 1107 867 1176; x_wconf 89' lang='lat' dir='ltr'><strong>quidem</strong></span> <span class='ocrx_word' id='word_1_101' title='bbox 876 1109 1003 1160; x_wconf 89' lang='lat' dir='ltr'><strong>Romano</strong></span> 
     </span>
     <span class='ocr_line' id='line_1_14' title="bbox 156 1187 1002 1256; baseline -0.001 -15"><span class='ocrx_word' id='word_1_102' title='bbox 156 1205 213 1241; x_wconf 92' lang='lat' dir='ltr'><strong>non</strong></span> <span class='ocrx_word' id='word_1_103' title='bbox 222 1188 347 1256; x_wconf 87' lang='lat' dir='ltr'><strong>videtur,</strong></span> <span class='ocrx_word' id='word_1_104' title='bbox 358 1187 452 1256; x_wconf 87' lang='lat' dir='ltr'><strong>quiex</strong></span> <span class='ocrx_word' id='word_1_105' title='bbox 465 1187 596 1240; x_wconf 91' lang='lat' dir='ltr'><strong>omnibus</strong></span> <span class='ocrx_word' id='word_1_106' title='bbox 608 1187 757 1256; x_wconf 87' lang='lat' dir='ltr'><strong>praeclaris</strong></span> <span class='ocrx_word' id='word_1_107' title='bbox 767 1187 849 1242; x_wconf 86' lang='lat' dir='ltr'><strong>factis</strong></span> <span class='ocrx_word' id='word_1_108' title='bbox 861 1187 933 1241; x_wconf 92' lang='lat' dir='ltr'><strong>illud</strong></span> <span class='ocrx_word' id='word_1_109' title='bbox 941 1189 1002 1256; x_wconf 92' lang='lat' dir='ltr'><strong>pul·</strong></span> 
     </span>
     <span class='ocr_line' id='line_1_15' title="bbox 158 1267 1001 1338; baseline 0 -16"><span class='ocrx_word' id='word_1_110' title='bbox 158 1269 328 1322; x_wconf 81' lang='lat' dir='ltr'><strong>uberrimum</strong></span> <span class='ocrx_word' id='word_1_111' title='bbox 341 1268 491 1322; x_wconf 80' lang='lat' dir='ltr'><strong>existimat.</strong></span> <span class='ocrx_word' id='word_1_112' title='bbox 519 1267 597 1323; x_wconf 86' lang='lat' dir='ltr'><strong>Vicit</strong></span> <span class='ocrx_word' id='word_1_113' title='bbox 609 1283 676 1338; x_wconf 82' lang='lat' dir='ltr'><strong>ergo</strong></span> <span class='ocrx_word' id='word_1_114' title='bbox 689 1268 797 1320; x_wconf 88' lang='lat' dir='ltr'><strong>utilitas</strong></span> <span class='ocrx_word' id='word_1_115' title='bbox 810 1269 1001 1322; x_wconf 85' lang='lat' dir='ltr'><strong>honestateml</strong></span> 
     </span>
     <span class='ocr_line' id='line_1_16' title="bbox 158 1347 999 1418; baseline -0.002 -16"><span class='ocrx_word' id='word_1_116' title='bbox 158 1351 248 1402; x_wconf 93' lang='lat' dir='ltr'><strong>Immo</strong></span> <span class='ocrx_word' id='word_1_117' title='bbox 258 1365 326 1402; x_wconf 86' lang='lat' dir='ltr'><strong>vero</strong></span> <span class='ocrx_word' id='word_1_118' title='bbox 335 1348 467 1402; x_wconf 87' lang='lat' dir='ltr'><strong>honestas</strong></span> <span class='ocrx_word' id='word_1_119' title='bbox 476 1347 643 1402; x_wconf 82' lang='lat' dir='ltr'><strong>utilitatem:</strong></span> <span class='ocrx_word' id='word_1_120' title='bbox 665 1349 700 1416; x_wconf 86' lang='lat' dir='ltr'><strong>[et</strong></span> <span class='ocrx_word' id='word_1_121' title='bbox 712 1347 820 1401; x_wconf 80' lang='lat' dir='ltr'><strong>utilitas</strong></span> <span class='ocrx_word' id='word_1_122' title='bbox 832 1347 999 1418; x_wconf 78' lang='lat' dir='ltr'><strong>honestatem]</strong></span> 
     </span>
     <span class='ocr_line' id='line_1_17' title="bbox 156 1434 909 1484; baseline -0.012 0"><span class='ocrx_word' id='word_1_123' title='bbox 156 1434 314 1484; x_wconf 84' lang='lat' dir='ltr'><strong>secutaest.</strong></span> <span class='ocrx_word' id='word_1_124' title='bbox 907 1444 909 1448; x_wconf 95' lang='lat'>·</span> 
     </span>
     <span class='ocr_line' id='line_1_18' title="bbox 191 1507 1001 1578; baseline -0.002 -14"><span class='ocrx_word' id='word_1_125' title='bbox 191 1511 302 1578; x_wconf 87' lang='lat' dir='ltr'><strong>Itaque,</strong></span> <span class='ocrx_word' id='word_1_126' title='bbox 315 1512 349 1562; x_wconf 90' lang='lat' dir='ltr'><strong>ut</strong></span> <span class='ocrx_word' id='word_1_127' title='bbox 370 1508 429 1561; x_wconf 90' lang='lat' dir='ltr'><strong>sine</strong></span> <span class='ocrx_word' id='word_1_128' title='bbox 450 1510 509 1562; x_wconf 94' lang='lat' dir='ltr'><strong>ullo</strong></span> <span class='ocrx_word' id='word_1_129' title='bbox 530 1525 621 1562; x_wconf 87' lang='lat' dir='ltr'><strong>errore</strong></span> <span class='ocrx_word' id='word_1_130' title='bbox 640 1508 796 1562; x_wconf 87' lang='lat' dir='ltr'><strong>diiudicare</strong></span> <span class='ocrx_word' id='word_1_131' title='bbox 814 1507 961 1578; x_wconf 88' lang='lat' dir='ltr'><strong>possimus,</strong></span> <span class='ocrx_word' id='word_1_132' title='bbox 977 1509 1001 1562; x_wconf 91' lang='lat' dir='ltr'><strong>si</strong></span> 
     </span>
     <span class='ocr_line' id='line_1_19' title="bbox 156 1589 1000 1660; baseline -0.002 -16"><span class='ocrx_word' id='word_1_133' title='bbox 156 1593 272 1660; x_wconf 86' lang='lat' dir='ltr'><strong>quando</strong></span> <span class='ocrx_word' id='word_1_134' title='bbox 283 1589 501 1656; x_wconf 87' lang='lat' dir='ltr'><strong>eumi110,qnod</strong></span> <span class='ocrx_word' id='word_1_135' title='bbox 512 1590 659 1643; x_wconf 86' lang='lat' dir='ltr'><strong>honestum</strong></span> <span class='ocrx_word' id='word_1_136' title='bbox 669 1589 866 1659; x_wconf 85' lang='lat' dir='ltr'><strong>intellegimus,</strong></span> <span class='ocrx_word' id='word_1_137' title='bbox 874 1605 1000 1658; x_wconf 83' lang='lat' dir='ltr'><strong>pugnare</strong></span> 
     </span>
     <span class='ocr_line' id='line_1_20' title="bbox 154 1669 1000 1738; baseline -0.001 -15"><span class='ocrx_word' id='word_1_138' title='bbox 154 1671 186 1724; x_wconf 91' lang='lat' dir='ltr'><strong>id</strong></span> <span class='ocrx_word' id='word_1_139' title='bbox 199 1669 352 1736; x_wconf 88' lang='lat' dir='ltr'><strong>videbitur,</strong></span> <span class='ocrx_word' id='word_1_140' title='bbox 363 1671 441 1737; x_wconf 91' lang='lat' dir='ltr'><strong>quod</strong></span> <span class='ocrx_word' id='word_1_141' title='bbox 456 1669 628 1738; x_wconf 88' lang='lat' dir='ltr'><strong>appellamus</strong></span> <span class='ocrx_word' id='word_1_142' title='bbox 643 1673 720 1738; x_wconf 88' lang='lat' dir='ltr'><strong>utile,</strong></span> <span class='ocrx_word' id='word_1_143' title='bbox 730 1669 849 1722; x_wconf 87' lang='lat' dir='ltr'><strong>formula</strong></span> <span class='ocrx_word' id='word_1_144' title='bbox 860 1670 1000 1737; x_wconf 87' lang='lat' dir='ltr'><strong>quaedam</strong></span> 
     </span>
     <span class='ocr_line' id='line_1_21' title="bbox 155 1750 999 1820; baseline 0 -16"><span class='ocrx_word' id='word_1_145' title='bbox 155 1751 354 1804; x_wconf 88' lang='lat' dir='ltr'><strong>constituenda</strong></span> <span class='ocrx_word' id='word_1_146' title='bbox 372 1754 422 1816; x_wconf 91' lang='lat' dir='ltr'><strong>est,</strong></span> <span class='ocrx_word' id='word_1_147' title='bbox 433 1766 517 1818; x_wconf 89' lang='lat' dir='ltr'><strong>quarn</strong></span> <span class='ocrx_word' id='word_1_148' title='bbox 536 1750 559 1803; x_wconf 89' lang='lat' dir='ltr'><strong>si</strong></span> <span class='ocrx_word' id='word_1_149' title='bbox 578 1767 726 1818; x_wconf 87' lang='lat' dir='ltr'><strong>sequemur</strong></span> <span class='ocrx_word' id='word_1_150' title='bbox 743 1751 773 1804; x_wconf 93' lang='lat' dir='ltr'><strong>in</strong></span> <span class='ocrx_word' id='word_1_151' title='bbox 790 1750 999 1820; x_wconf 87' lang='lat' dir='ltr'><strong>comparatione</strong></span> 
     </span>
     <span class='ocr_line' id='line_1_22' title="bbox 155 1830 1000 1898; baseline 0.002 -14"><span class='ocrx_word' id='word_1_152' title='bbox 155 1849 254 1898; x_wconf 82' lang='lat' dir='ltr'><strong>rerum,</strong></span> <span class='ocrx_word' id='word_1_153' title='bbox 265 1832 302 1884; x_wconf 90' lang='lat' dir='ltr'><strong>ab</strong></span> <span class='ocrx_word' id='word_1_154' title='bbox 313 1830 405 1882; x_wconf 87' lang='lat' dir='ltr'><strong>officio</strong></span> <span class='ocrx_word' id='word_1_155' title='bbox 415 1846 567 1898; x_wconf 86' lang='lat' dir='ltr'><strong>numquam</strong></span> <span class='ocrx_word' id='word_1_156' title='bbox 577 1833 745 1886; x_wconf 89' lang='lat' dir='ltr'><strong>recedemus.</strong></span> <span class='ocrx_word' id='word_1_157' title='bbox 776 1834 818 1886; x_wconf 79' lang='lat'><strong>20.</strong></span> <span class='ocrx_word' id='word_1_158' title='bbox 834 1832 896 1886; x_wconf 85' lang='lat' dir='ltr'><strong>Erit</strong></span> <span class='ocrx_word' id='word_1_159' title='bbox 906 1837 1000 1886; x_wconf 88' lang='lat' dir='ltr'><strong>autem</strong></span> 
     </span>
     <span class='ocr_line' id='line_1_23' title="bbox 155 1910 999 1983; baseline 0.002 -19"><span class='ocrx_word' id='word_1_160' title='bbox 155 1914 225 1966; x_wconf 87' lang='lat' dir='ltr'><strong>haee</strong></span> <span class='ocrx_word' id='word_1_161' title='bbox 234 1912 357 1964; x_wconf 80' lang='lat' dir='ltr'><strong>formula</strong></span> <span class='ocrx_word' id='word_1_162' title='bbox 366 1910 523 1962; x_wconf 83' lang='lat' dir='ltr'><strong>Stoicorum</strong></span> <span class='ocrx_word' id='word_1_163' title='bbox 533 1911 634 1964; x_wconf 87' lang='lat' dir='ltr'><strong>rationi</strong></span> <span class='ocrx_word' id='word_1_164' title='bbox 647 1913 869 1983; x_wconf 84' lang='lat' dir='ltr'><strong>disciplinaeque</strong></span> <span class='ocrx_word' id='word_1_165' title='bbox 879 1914 999 1966; x_wconf 86' lang='lat' dir='ltr'><strong>maxime</strong></span> 
     </span>
     <span class='ocr_line' id='line_1_24' title="bbox 155 1989 999 2064; baseline 0.002 -18"><span class='ocrx_word' id='word_1_166' title='bbox 155 1989 350 2061; x_wconf 84' lang='lat' dir='ltr'><strong>consentanea,</strong></span> <span class='ocrx_word' id='word_1_167' title='bbox 361 1995 449 2061; x_wconf 87' lang='lat' dir='ltr'><strong>&#39;quam</strong></span> <span class='ocrx_word' id='word_1_168' title='bbox 464 1993 580 2060; x_wconf 91' lang='lat' dir='ltr'><strong>quidem</strong></span> <span class='ocrx_word' id='word_1_169' title='bbox 594 1993 639 2046; x_wconf 90' lang='lat' dir='ltr'><strong>his</strong></span> <span class='ocrx_word' id='word_1_170' title='bbox 654 1994 734 2046; x_wconf 89' lang='lat' dir='ltr'><strong>libris</strong></span> <span class='ocrx_word' id='word_1_171' title='bbox 747 2002 895 2064; x_wconf 88' lang='lat' dir='ltr'><strong>propterea</strong></span> <span class='ocrx_word' id='word_1_172' title='bbox 910 1995 999 2064; x_wconf 89' lang='lat' dir='ltr'><strong>sequi-</strong></span> 
     </span>
     <span class='ocr_line' id='line_1_25' title="bbox 154 2068 998 2141; baseline 0.002 -15"><span class='ocrx_word' id='word_1_173' title='bbox 154 2068 224 2139; x_wconf 80' lang='lat' dir='ltr'><strong>mnr&#39;,</strong></span> <span class='ocrx_word' id='word_1_174' title='bbox 243 2073 329 2141; x_wconf 91' lang='lat' dir='ltr'><strong>quod,</strong></span> <span class='ocrx_word' id='word_1_175' title='bbox 348 2089 518 2141; x_wconf 88' lang='lat' dir='ltr'><strong>quamquam</strong></span> <span class='ocrx_word' id='word_1_176' title='bbox 541 2090 558 2126; x_wconf 93' lang='lat' dir='ltr'><strong>a</strong></span> <span class='ocrx_word' id='word_1_177' title='bbox 575 2073 717 2127; x_wconf 86' lang='lat' dir='ltr'><strong>veteribus</strong></span> <span class='ocrx_word' id='word_1_178' title='bbox 735 2075 914 2128; x_wconf 84' lang='lat' dir='ltr'><strong>Academicis</strong></span> <span class='ocrx_word' id='word_1_179' title='bbox 934 2083 998 2128; x_wconf 90' lang='lat' dir='ltr'><strong>eta</strong></span> 
     </span>
     <span class='ocr_line' id='line_1_26' title="bbox 99 2151 998 2222; baseline 0 -16"><span class='ocrx_word' id='word_1_180' title='bbox 99 2155 105 2170; x_wconf 84' lang='lat'><em>&#39;</em></span> <span class='ocrx_word' id='word_1_181' title='bbox 154 2151 351 2222; x_wconf 85' lang='lat' dir='ltr'><strong>Peripateticis</strong></span> <span class='ocrx_word' id='word_1_182' title='bbox 372 2153 479 2221; x_wconf 85' lang='lat' dir='ltr'><strong>vestris,</strong></span> <span class='ocrx_word' id='word_1_183' title='bbox 497 2153 547 2221; x_wconf 91' lang='lat' dir='ltr'><strong>qui</strong></span> <span class='ocrx_word' id='word_1_184' title='bbox 569 2153 711 2222; x_wconf 87' lang='lat' dir='ltr'><strong>quondam</strong></span> <span class='ocrx_word' id='word_1_185' title='bbox 734 2152 822 2205; x_wconf 92' lang='lat' dir='ltr'><strong>iidem</strong></span> <span class='ocrx_word' id='word_1_186' title='bbox 850 2159 927 2206; x_wconf 89' lang='lat' dir='ltr'><strong>erant</strong></span> <span class='ocrx_word' id='word_1_187' title='bbox 949 2154 998 2222; x_wconf 92' lang='lat' dir='ltr'><strong>qui</strong></span> 
     </span>
     <span class='ocr_line' id='line_1_27' title="bbox 154 2233 998 2302; baseline 0.001 -17"><span class='ocrx_word' id='word_1_188' title='bbox 154 2233 327 2300; x_wconf 81' lang='lat' dir='ltr'><strong>Academici,</strong></span> <span class='ocrx_word' id='word_1_189' title='bbox 341 2249 412 2301; x_wconf 91' lang='lat' dir='ltr'><strong>quae</strong></span> <span class='ocrx_word' id='word_1_190' title='bbox 427 2233 545 2286; x_wconf 90' lang='lat' dir='ltr'><strong>honesta</strong></span> <span class='ocrx_word' id='word_1_191' title='bbox 563 2238 629 2285; x_wconf 88' lang='lat' dir='ltr'><strong>sunt</strong></span> <span class='ocrx_word' id='word_1_192' title='bbox 648 2238 856 2301; x_wconf 87' lang='lat' dir='ltr'><strong>anteponuntur</strong></span> <span class='ocrx_word' id='word_1_193' title='bbox 870 2233 912 2300; x_wconf 90' lang='lat' dir='ltr'><strong>iis,</strong></span> <span class='ocrx_word' id='word_1_194' title='bbox 927 2250 998 2302; x_wconf 90' lang='lat' dir='ltr'><strong>quae</strong></span> 
     </span>
     <span class='ocr_line' id='line_1_28' title="bbox 153 2313 998 2382; baseline -0.001 -15"><span class='ocrx_word' id='word_1_195' title='bbox 153 2314 288 2367; x_wconf 89' lang='lat' dir='ltr'><strong>videntur</strong></span> <span class='ocrx_word' id='word_1_196' title='bbox 301 2313 391 2381; x_wconf 88' lang='lat' dir='ltr'><strong>utilia,</strong></span> <span class='ocrx_word' id='word_1_197' title='bbox 404 2318 498 2366; x_wconf 90' lang='lat' dir='ltr'><strong>tamen</strong></span> <span class='ocrx_word' id='word_1_198' title='bbox 516 2313 695 2382; x_wconf 88' lang='lat' dir='ltr'><strong>splendidius</strong></span> <span class='ocrx_word' id='word_1_199' title='bbox 713 2314 783 2365; x_wconf 87' lang='lat' dir='ltr'><strong>baec</strong></span> <span class='ocrx_word' id='word_1_200' title='bbox 801 2314 837 2365; x_wconf 91' lang='lat' dir='ltr'><strong>ab</strong></span> <span class='ocrx_word' id='word_1_201' title='bbox 855 2313 895 2366; x_wconf 87' lang='lat' dir='ltr'><strong>eis</strong></span> <span class='ocrx_word' id='word_1_202' title='bbox 912 2315 998 2382; x_wconf 85' lang='lat' dir='ltr'><strong>disse-</strong></span> 
     </span>
     <span class='ocr_line' id='line_1_29' title="bbox 154 2393 998 2463; baseline 0 -17"><span class='ocrx_word' id='word_1_203' title='bbox 154 2400 261 2463; x_wconf 87' lang='lat' dir='ltr'><strong>runtur,</strong></span> <span class='ocrx_word' id='word_1_204' title='bbox 276 2395 388 2463; x_wconf 81' lang='lat' dir='ltr'><strong>quibus,</strong></span> <span class='ocrx_word' id='word_1_205' title='bbox 402 2394 545 2462; x_wconf 87' lang='lat' dir='ltr'><strong>quidquid</strong></span> <span class='ocrx_word' id='word_1_206' title='bbox 559 2396 707 2448; x_wconf 87' lang='lat' dir='ltr'><strong>honestum</strong></span> <span class='ocrx_word' id='word_1_207' title='bbox 722 2399 771 2460; x_wconf 89' lang='lat' dir='ltr'><strong>est,</strong></span> <span class='ocrx_word' id='word_1_208' title='bbox 784 2393 861 2446; x_wconf 89' lang='lat' dir='ltr'><strong>idem</strong></span> <span class='ocrx_word' id='word_1_209' title='bbox 876 2394 945 2449; x_wconf 89' lang='lat' dir='ltr'><strong>utile</strong></span> <span class='ocrx_word' id='word_1_210' title='bbox 958 2394 998 2448; x_wconf 93' lang='lat' dir='ltr'><strong>vi-</strong></span> 
     </span>
     <span class='ocr_line' id='line_1_30' title="bbox 154 2474 998 2543; baseline 0.002 -17"><span class='ocrx_word' id='word_1_211' title='bbox 154 2475 236 2528; x_wconf 84' lang='lat' dir='ltr'><strong>detur</strong></span> <span class='ocrx_word' id='word_1_212' title='bbox 253 2491 305 2528; x_wconf 90' lang='lat' dir='ltr'><strong>nec</strong></span> <span class='ocrx_word' id='word_1_213' title='bbox 323 2474 393 2527; x_wconf 91' lang='lat' dir='ltr'><strong>utile</strong></span> <span class='ocrx_word' id='word_1_214' title='bbox 408 2474 564 2543; x_wconf 89' lang='lat' dir='ltr'><strong>quidquam</strong></span> <span class='ocrx_word' id='word_1_215' title='bbox 579 2475 656 2542; x_wconf 92' lang='lat' dir='ltr'><strong>quod</strong></span> <span class='ocrx_word' id='word_1_216' title='bbox 670 2491 728 2526; x_wconf 91' lang='lat' dir='ltr'><strong>non</strong></span> <span class='ocrx_word' id='word_1_217' title='bbox 742 2474 898 2541; x_wconf 87' lang='lat' dir='ltr'><strong>honestum,</strong></span> <span class='ocrx_word' id='word_1_218' title='bbox 912 2491 998 2543; x_wconf 87' lang='lat' dir='ltr'><strong>quam</strong></span> 
     </span>
     <span class='ocr_line' id='line_1_31' title="bbox 153 2554 997 2623; baseline 0.002 -17"><span class='ocrx_word' id='word_1_219' title='bbox 153 2555 243 2621; x_wconf 90' lang='lat' dir='ltr'><strong>abiis,</strong></span> <span class='ocrx_word' id='word_1_220' title='bbox 255 2554 357 2623; x_wconf 90' lang='lat' dir='ltr'><strong>quibus</strong></span> <span class='ocrx_word' id='word_1_221' title='bbox 370 2560 419 2606; x_wconf 90' lang='lat' dir='ltr'><strong>aut</strong></span> <span class='ocrx_word' id='word_1_222' title='bbox 432 2555 580 2607; x_wconf 90' lang='lat' dir='ltr'><strong>honestum</strong></span> <span class='ocrx_word' id='word_1_223' title='bbox 593 2554 702 2622; x_wconf 89' lang='lat' dir='ltr'><strong>aliquid</strong></span> <span class='ocrx_word' id='word_1_224' title='bbox 714 2571 772 2606; x_wconf 91' lang='lat' dir='ltr'><strong>non</strong></span> <span class='ocrx_word' id='word_1_225' title='bbox 784 2554 853 2607; x_wconf 88' lang='lat' dir='ltr'><strong>utile</strong></span> <span class='ocrx_word' id='word_1_226' title='bbox 867 2561 916 2608; x_wconf 89' lang='lat' dir='ltr'><strong>aut</strong></span> <span class='ocrx_word' id='word_1_227' title='bbox 929 2555 997 2608; x_wconf 87' lang='lat' dir='ltr'><strong>utile</strong></span> 
     </span>
     <span class='ocr_line' id='line_1_32' title="bbox 153 2634 998 2705; baseline 0.002 -19"><span class='ocrx_word' id='word_1_228' title='bbox 153 2651 211 2686; x_wconf 89' lang='lat' dir='ltr'><strong>non</strong></span> <span class='ocrx_word' id='word_1_229' title='bbox 226 2636 384 2688; x_wconf 90' lang='lat' dir='ltr'><strong>honestum.</strong></span> <span class='ocrx_word' id='word_1_230' title='bbox 421 2634 512 2687; x_wconf 90' lang='lat' dir='ltr'><strong>Nobis</strong></span> <span class='ocrx_word' id='word_1_231' title='bbox 531 2640 625 2687; x_wconf 87' lang='lat' dir='ltr'><strong>autem</strong></span> <span class='ocrx_word' id='word_1_232' title='bbox 643 2645 739 2687; x_wconf 89' lang='lat' dir='ltr'><strong>nostra</strong></span> <span class='ocrx_word' id='word_1_233' title='bbox 754 2635 908 2688; x_wconf 87' lang='lat' dir='ltr'><strong>Academia</strong></span> <span class='ocrx_word' id='word_1_234' title='bbox 921 2651 998 2705; x_wconf 86' lang='lat' dir='ltr'><strong>mag-</strong></span> 
     </span>
     <span class='ocr_line' id='line_1_33' title="bbox 153 2715 997 2786; baseline 0.005 -20"><span class='ocrx_word' id='word_1_235' title='bbox 153 2731 218 2769; x_wconf 90' lang='lat' dir='ltr'><strong>nam</strong></span> <span class='ocrx_word' id='word_1_236' title='bbox 230 2716 375 2770; x_wconf 88' lang='lat' dir='ltr'><strong>licentiam</strong></span> <span class='ocrx_word' id='word_1_237' title='bbox 388 2715 445 2784; x_wconf 81' lang='lat' dir='ltr'><strong>dat,</strong></span> <span class='ocrx_word' id='word_1_238' title='bbox 455 2721 495 2783; x_wconf 90' lang='lat' dir='ltr'><strong>ut,</strong></span> <span class='ocrx_word' id='word_1_239' title='bbox 507 2717 703 2784; x_wconf 90' lang='lat' dir='ltr'><strong>quodcumque</strong></span> <span class='ocrx_word' id='word_1_240' title='bbox 717 2717 838 2770; x_wconf 87' lang='lat' dir='ltr'><strong>maxime</strong></span> <span class='ocrx_word' id='word_1_241' title='bbox 850 2717 997 2786; x_wconf 87' lang='lat' dir='ltr'><strong>probabile</strong></span> 
     </span>
     <span class='ocr_line' id='line_1_34' title="bbox 153 2795 997 2864; baseline 0.002 -16"><span class='ocrx_word' id='word_1_242' title='bbox 153 2801 288 2864; x_wconf 87' lang='lat' dir='ltr'><strong>occurrat,</strong></span> <span class='ocrx_word' id='word_1_243' title='bbox 302 2796 334 2848; x_wconf 92' lang='lat' dir='ltr'><strong>id</strong></span> <span class='ocrx_word' id='word_1_244' title='bbox 352 2801 448 2848; x_wconf 84' lang='lat' dir='ltr'><strong>nostro</strong></span> <span class='ocrx_word' id='word_1_245' title='bbox 466 2796 526 2849; x_wconf 87' lang='lat' dir='ltr'><strong>iure</strong></span> <span class='ocrx_word' id='word_1_246' title='bbox 546 2797 628 2849; x_wconf 88' lang='lat' dir='ltr'><strong>liceat</strong></span> <span class='ocrx_word' id='word_1_247' title='bbox 646 2795 821 2852; x_wconf 84' lang='lat' dir='ltr'><strong>defendere..</strong></span> <span class='ocrx_word' id='word_1_248' title='bbox 843 2799 898 2852; x_wconf 81' lang='lat' dir='ltr'><strong>Sed</strong></span> <span class='ocrx_word' id='word_1_249' title='bbox 912 2799 997 2852; x_wconf 88' lang='lat' dir='ltr'><strong>redeo</strong></span> 
     </span>
     <span class='ocr_line' id='line_1_35' title="bbox 154 2867 997 2948; baseline 0.004 -20"><span class='ocrx_word' id='word_1_250' title='bbox 154 2877 190 2929; x_wconf 91' lang='lat' dir='ltr'><strong>ad</strong></span> <span class='ocrx_word' id='word_1_251' title='bbox 205 2877 362 2937; x_wconf 81' lang='lat' dir='ltr'><strong>tonnulanr.</strong></span> <span class='ocrx_word' id='word_1_252' title='bbox 393 2877 427 2931; x_wconf 91' lang='lat' dir='ltr'><strong>V.</strong></span> <span class='ocrx_word' id='word_1_253' title='bbox 458 2867 500 2930; x_wconf 71' lang='lat'><strong>212</strong></span> <span class='ocrx_word' id='word_1_254' title='bbox 520 2877 673 2930; x_wconf 86' lang='lat' dir='ltr'><strong>Detrahere</strong></span> <span class='ocrx_word' id='word_1_255' title='bbox 687 2875 775 2947; x_wconf 83' lang='lat' dir='ltr'><strong>igitur</strong></span> <span class='ocrx_word' id='word_1_256' title='bbox 793 2879 997 2948; x_wconf 85' lang='lat' dir='ltr'><strong>alterialiquid</strong></span> 
     </span>
     <span class='ocr_line' id='line_1_36' title="bbox 152 2956 997 3012; baseline 0.005 -4"><span class='ocrx_word' id='word_1_257' title='bbox 152 2963 180 3008; x_wconf 88' lang='lat' dir='ltr'><strong>et</strong></span> <span class='ocrx_word' id='word_1_258' title='bbox 202 2957 345 3010; x_wconf 89' lang='lat' dir='ltr'><strong>hominem</strong></span> <span class='ocrx_word' id='word_1_259' title='bbox 368 2956 491 3010; x_wconf 90' lang='lat' dir='ltr'><strong>hominis</strong></span> <span class='ocrx_word' id='word_1_260' title='bbox 513 2957 693 3010; x_wconf 87' lang='lat' dir='ltr'><strong>incommodo</strong></span> <span class='ocrx_word' id='word_1_261' title='bbox 715 2974 796 3011; x_wconf 89' lang='lat' dir='ltr'><strong>suum</strong></span> <span class='ocrx_word' id='word_1_262' title='bbox 817 2960 997 3012; x_wconf 87' lang='lat' dir='ltr'><strong>commodum</strong></span> 
     </span>
    </p>
   </div>
   <div class='ocr_carea' id='block_1_5' title="bbox 151 3038 1092 3200">
    <p class='ocr_par' dir='ltr' id='par_1_5' title="bbox 151 3038 1092 3200">
     <span class='ocr_line' id='line_1_37' title="bbox 152 3038 1092 3108; baseline 0.002 -18"><span class='ocrx_word' id='word_1_263' title='bbox 152 3054 253 3108; x_wconf 82' lang='lat' dir='ltr'><strong>angere</strong></span> <span class='ocrx_word' id='word_1_264' title='bbox 272 3038 363 3107; x_wconf 89' lang='lat' dir='ltr'><strong>magis</strong></span> <span class='ocrx_word' id='word_1_265' title='bbox 380 3043 423 3090; x_wconf 89' lang='lat' dir='ltr'><strong>est</strong></span> <span class='ocrx_word' id='word_1_266' title='bbox 444 3043 541 3091; x_wconf 88' lang='lat' dir='ltr'><strong>contra</strong></span> <span class='ocrx_word' id='word_1_267' title='bbox 558 3045 687 3091; x_wconf 87' lang='lat' dir='ltr'><strong>naturam</strong></span> <span class='ocrx_word' id='word_1_268' title='bbox 707 3055 791 3106; x_wconf 89' lang='lat' dir='ltr'><strong>quam</strong></span> <span class='ocrx_word' id='word_1_269' title='bbox 809 3055 890 3103; x_wconf 88' lang='lat' dir='ltr'><strong>mors,</strong></span> <span class='ocrx_word' id='word_1_270' title='bbox 911 3055 997 3104; x_wconf 86' lang='lat' dir='ltr'><strong>qnam</strong></span> <span class='ocrx_word' id='word_1_271' title='bbox 1091 3087 1092 3106; x_wconf 38' lang='lat'>2</span> 
     </span>
     <span class='ocr_line' id='line_1_38' title="bbox 151 3119 1091 3200; baseline -0.001 -28"><span class='ocrx_word' id='word_1_272' title='bbox 151 3125 310 3190; x_wconf 84' lang='lat' dir='ltr'><strong>paupertas,</strong></span> <span class='ocrx_word' id='word_1_273' title='bbox 324 3135 409 3186; x_wconf 87' lang='lat' dir='ltr'><strong>quarn</strong></span> <span class='ocrx_word' id='word_1_274' title='bbox 424 3119 513 3184; x_wconf 87' lang='lat' dir='ltr'><strong>dolor,</strong></span> <span class='ocrx_word' id='word_1_275' title='bbox 524 3135 608 3186; x_wconf 87' lang='lat' dir='ltr'><strong>quam</strong></span> <span class='ocrx_word' id='word_1_276' title='bbox 623 3123 722 3183; x_wconf 90' lang='lat' dir='ltr'><strong>cetera,</strong></span> <span class='ocrx_word' id='word_1_277' title='bbox 733 3135 805 3184; x_wconf 89' lang='lat' dir='ltr'><strong>quae</strong></span> <span class='ocrx_word' id='word_1_278' title='bbox 818 3125 935 3186; x_wconf 90' lang='lat' dir='ltr'><strong>possunt</strong></span> <span class='ocrx_word' id='word_1_279' title='bbox 946 3125 996 3171; x_wconf 87' lang='lat' dir='ltr'><strong>aut</strong></span> <span class='ocrx_word' id='word_1_280' title='bbox 1090 3187 1091 3200; x_wconf 13' lang='grc' dir='ltr'>ἵ</span> 
     </span>
    </p>
   </div>
   <div class='ocr_carea' id='block_1_6' title="bbox 0 0 1132 3448">
    <p class='ocr_par' dir='ltr' id='par_1_6' title="bbox 0 0 1132 3448">
     <span class='ocr_line' id='line_1_39' title="bbox 0 0 1132 3448; baseline 0 3"><span class='ocrx_word' id='word_1_281' title='bbox 0 0 1132 3448; x_wconf 95' lang='lat' dir='ltr'><strong> </strong></span> 
     </span>
    </p>
   </div>
  </div>
 </body>
</html>
