2272 3442
339 131 428 181 CATO
446 131 579 182 MAJOR.
618 133 694 180 OAP.
714 132 749 180 X.
768 131 818 179 XI.
971 133 998 178 ll

153 213 276 278 consule;
295 213 344 267 sod
355 216 455 280 tamem
472 215 505 266 ιιι
522 229 571 266 vos
587 213 695 280 videtis,
712 227 766 264 non
777 211 859 279 plano
870 227 914 264 mo
926 226 1001 263 ener-

153 290 228 342 vavit
249 307 299 342 nec
314 289 410 342 afflixit
427 292 568 354 senectam
585 306 639 342 non
657 289 732 342 curia
749 287 822 341 vires
840 303 914 340 meas
932 287 1002 340 desi-

154 367 240 420 derat.
252 383 306 418 non
318 369 415 431 rostra,
434 382 487 418 non
505 365 591 432 amici,
608 383 662 418 non
674 365 795 430 clientes
807 378 861 416 non
873 363 1002 431 hospites.

155 443 179 494 N
183 459 214 494 ec
231 443 302 494 onim
321 458 442 510 unquam
460 457 519 494 sunl
537 458 662 494 assensus
676 441 763 494 veteri
780 440 819 492 illi
837 439 1002 508 laudatoque

154 518 298 585 proverbio
311 517 386 585 quod
398 520 498 584 monet,
515 520 623 578 maturo
639 517 698 570 fieri
717 531 816 576 sonem,
835 515 857 567 si
876 515 924 567 diu
935 515 1002 567 velis

155 609 215 646 esse
228 609 317 646 senex.
354 593 411 660 Ego
423 608 488 645 vero
500 608 544 644 mo
556 592 645 644 urinas
658 591 705 644 diu
718 608 809 644 senem
822 607 882 644 esse
894 589 1001 642 mallem

155 685 237 736 quam
262 685 321 722 esso
346 685 438 736 senem
463 671 527 720 ante
552 684 636 735 quam*
659 683 755 720 essem.
801 666 900 733 ltaque
923 681 1003 718 nemo

155 744 244 798 adhuc
263 745 406 798 convenire
424 761 468 796 me
487 743 572 796 voluit
592 743 635 795 oui
654 743 753 795 fuerim
773 745 926 809 occupatus.
963 747 1004 794 33.

157 821 198 874 At
209 820 299 874 minus
310 820 399 873 habco
411 819 509 871 virium
522 835 604 886 quam
615 822 737 872 vestrum
752 817 863 871 utervis.
901 817 926 869 N
928 833 944 868 e
950 832 1003 868 nos

125 927 126 930 =
156 896 267 964 quidem
280 896 308 949 Τ.
322 895 414 949 Pontii
426 895 592 948 centurionis
604 895 675 947 vires
687 893 806 946 habetis:
825 909 890 945 num
902 891 1003 944 idcirco

156 975 199 1025 cst
210 972 256 1025 ille
268 971 464 1040 praestantiori
501 970 655 1023 Moderatio
669 970 749 1022 modo
762 969 860 1022 virium
880 967 961 1034 adsit,
974 971 1003 1020 et

136 1051 263 1101 ¹tantum
288 1051 419 1116 qnantum
440 1050 532 1115 potest
552 1047 668 1114 quisquo
688 1046 806 1108 nitatnr;
828 1061 863 1098 ne
881 1044 926 1096 ille
950 1059 1004 1096 non

156 1141 254 1190 magno
274 1123 410 1176 desiderio
429 1122 571 1176 tenebitur
589 1121 695 1174 virium.
735 1120 876 1188 Olympiae
888 1137 937 1188 per
950 1122 1004 1172 sta

149 1199 232 1263 ¹dium
250 1201 387 1267 ingressus
406 1215 465 1252 osse
484 1197 550 1250 Milo
569 1197 677 1264 dicitur,
693 1213 776 1265 quum
791 1196 911 1250 humeris
924 1195 1004 1248 susti-

156 1279 236 1328 neret
247 1275 344 1328 bovem
356 1276 454 1327 vivum.
492 1273 594 1326 Utrum
612 1273 696 1340 igitur
712 1272 760 1325 has
773 1273 893 1339 corporis
905 1288 940 1324 an
953 1270 1004 1338 Py-

156 1351 288 1417 thagorae
311 1350 363 1402 tibi
383 1350 460 1402 malis
480 1349 551 1401 uires
571 1348 672 1415 ingenii
694 1348 770 1401 darii
807 1347 933 1414 Denique
950 1347 1004 1400 isto

157 1425 227 1498 bono
245 1429 324 1478 utare
343 1425 408 1481 dum
426 1425 513 1488 adsit;
534 1441 617 1492 quum
641 1423 712 1474 absit
731 1439 765 1474 no
788 1423 927 1489 requiras;
951 1422 1004 1474 nisi

156 1501 228 1554 forte
247 1501 433 1554 adolescentes
451 1501 605 1570 pueritiam,
624 1499 744 1568 paullum
760 1501 851 1551 aetate
868 1499 1002 1566 progressi

126 1615 128 1620 .
156 1576 368 1631 adolescentiam
380 1577 483 1630 debent
496 1576 645 1644 requirere.
665 1575 766 1628 Cursus
776 1578 818 1627 ost
827 1577 919 1626 certus
930 1577 1004 1626 aeta-

149 1652 194 1725 tis
212 1656 241 1706 et
260 1670 314 1706 uua
334 1653 378 1706 via
397 1657 511 1708 naturae
530 1668 617 1720 eaque
639 1651 761 1719 simplex,
785 1666 887 1716 suaque
906 1649 1004 1717 cuique

156 1729 229 1796 parti
253 1730 352 1783 aetatis
376 1728 576 1798 tempestivitas
600 1732 643 1781 est
664 1727 736 1794 data,
759 1731 791 1779 ιιι
812 1729 841 1778 et
860 1725 1004 1778 infirmitas

157 1821 309 1872 puerorum,
331 1809 360 1859 ct
380 1805 507 1858 ferocitas
521 1804 661 1872 juvenum,
684 1807 712 1856 et
729 1802 849 1870 gravitas
866 1800 925 1869 jam
943 1817 1004 1855 con-

157 1883 255 1933 stantis
276 1882 382 1948 aetatis,
400 1884 429 1934 et
448 1881 596 1934 senectutis
616 1880 760 1932 maturitas
780 1878 904 1932 naturaie
926 1877 1004 1946 quid-

157 1955 220 2009 dam
232 1957 332 2011 habeat
343 1958 418 2026 quod
431 1975 479 2010 suo
491 1961 615 2026 temporo
626 1956 730 2024 percipi
743 1955 850 2008 debeat.
888 1960 927 2008 34.
947 1954 1004 2006 Au·

157 2031 217 2085 diro
237 2036 266 2086 te
285 2033 411 2101 arbitror,
434 2034 530 2102 Scipio,
550 2033 649 2100 hospes
670 2036 734 2084 tuus
754 2031 842 2084 avitus
862 2030 1005 2083 Masinissa

157 2125 228 2176 quac
240 2109 321 2162 faciat
335 2110 417 2162 hodie
434 2110 583 2176 nonaginta
598 2113 678 2162 natus
691 2124 789 2172 anuos;
808 2123 892 2174 quum
904 2107 1004 2173 ingres-

157 2200 203 2236 sus
215 2185 269 2236 iter
280 2184 396 2252 pedibus
413 2185 456 2252 sit,
474 2186 502 2237 in
517 2202 617 2252 equum
635 2185 743 2236 omnino
755 2187 809 2235 non
823 2181 1004 2246 adscendero;

157 2275 242 2325 quum
266 2275 343 2326 equo,
368 2277 401 2312 ex
426 2277 496 2328 equo
520 2277 574 2315 non
598 2259 777 2323 descendere;
806 2259 880 2311 nullo
908 2257 1004 2323 imbre,

157 2333 231 2386 nullo
242 2333 344 2400 frigora
355 2335 455 2388 mlduoi
470 2338 503 2388 ut
519 2335 608 2403 capite
620 2338 715 2402 operto
728 2335 778 2397 sit;
796 2349 927 2385 summam
946 2349 1005 2385 esso

157 2408 186 2461 in
205 2425 237 2461 eo
257 2408 378 2478 corporis
396 2410 561 2475 siccitatem;
581 2410 675 2477 itaquo
693 2409 783 2462 omnia
803 2409 914 2476 exsequi
933 2409 1006 2476 regis

158 2483 245 2537 officia
263 2488 293 2538 et
311 2502 431 2540 munera
467 2486 562 2540 Potest
579 2485 664 2553 igitur
682 2483 843 2538 exercitatio
859 2487 888 2537 et
900 2487 1004 2552 tempo·

158 2559 248 2613 rantia
265 2561 348 2614 otiam
369 2561 398 2614 in
419 2564 561 2615 senectute
584 2576 744 2636 conservare
768 2559 872 2627 aliquid
896 2559 1004 2628 pristini

158 2635 270 2704 roboris,

211 2711 262 2764 Xl.
299 2713 361 2772 Non
379 2717 443 2766 sunt
461 2713 489 2766 in
507 2716 648 2768 senectute
659 2713 739 2766 vires
777 2711 799 2764 N
805 2711 1006 2780 apostulantur

158 2786 270 2853 quidem
282 2789 353 2840 viros
365 2806 381 2841 a
393 2792 540 2842 senectuto.
576 2789 649 2856 Ergo
668 2792 696 2842 ct
713 2788 819 2856 legibus
831 2791 860 2840 et
872 2786 1006 2840 institutis

158 2866 238 2914 vacat
249 2867 325 2916 actas
337 2868 431 2918 nostra
443 2864 603 2917 muneribus
620 2865 653 2917 iis
672 2881 741 2932 quac
756 2881 809 2916 non
820 2865 936 2931 possunt
948 2863 1006 2914 sine

158 2937 262 2992 viribus
281 2939 418 2992 sustineri.
455 2939 554 3006 ltaque
574 2957 628 2992 non
648 2939 730 2992 modo
749 2939 823 3006 quod
841 2956 894 2991 non
913 2954 1005 3006 possu-

159 3027 226 3078 mus,
235 3015 284 3067 sed
294 3032 327 3068 no
340 3018 473 3083 quantum
482 3024 625 3082 possumus
637 3015 748 3082 quidem
760 3015 887 3082 cogimur.
911 3020 952 3068 35.
966 3016 1006 3067 At

159 3086 199 3138 ita
210 3088 289 3143 nmlti
302 3094 366 3144 suut
380 3090 508 3144 imbecilli
520 3107 599 3144 senes
617 3094 649 3143 ut
666 3090 770 3144 nullum
788 3090 868 3143 officii
885 3091 934 3141 aut
951 3104 1005 3142 om-

159 3160 224 3214 nino
241 3164 313 3218 vitae
325 3183 424 3220 munus
440 3166 552 3234 exsequi
568 3165 680 3235 possint.
716 3167 757 3220 At
775 3165 805 3218 io
823 3163 934 3232 quidem
952 3179 1005 3217 non
