2256 3448
154 125 201 174 156
460 119 510 172 DE
528 117 680 173 ormcns

147 208 262 278 corpori
280 207 405 261 accidere
424 211 472 260 aut
490 207 573 259 rebus
594 205 723 260 extemis.
760 199 835 260 Nam
852 205 994 276 principio

151 289 227 341 tollit
239 289 399 342 convictum
411 287 565 340 humanum
577 291 605 339 et
617 287 786 340 societatem.
826 287 856 340 si
869 288 944 341 enim
954 289 993 342 sic

151 369 252 422 erimus
264 367 376 434 adfecti,
387 372 419 420 ut
428 373 542 436 propter
552 383 633 419 suum
642 365 760 434 quisque
773 367 993 422 emolumentum

150 449 253 518 spoliet
270 453 319 500 aut
333 447 420 500 violet
438 449 563 516 alterum,
577 447 715 516 disrumpi
732 447 843 500 neeesse
862 453 904 501 est
923 466 992 518 0111,

150 545 220 597 quae
234 527 356 580 maxime
374 531 416 581 est
435 527 589 580 secundum
599 531 740 597 naturam,
752 527 868 580 humani
882 531 993 598 generis

149 609 318 663 societatem.
352 611 393 662 22.
409 609 456 675 Ut,
470 607 494 660 si
508 608 743 676 unumquodque
761 609 918 661 membrum
933 627 992 664 seu-

148 705 210 742 sum
224 689 300 742 hune
314 688 437 755 haberet,
447 692 479 740 ut
493 704 574 757 posse
586 693 699 756 putaret
714 703 742 740 se
757 689 857 756 valere,
871 688 895 741 si
909 705 992 758 prox-

147 769 198 822 imi
213 768 331 822 membri
345 768 537 824 vsletudinem
556 768 594 821 ad
612 784 640 820 se
655 767 833 836 traduxisset,
846 768 991 823 debilitari

148 855 176 902 et
184 849 297 902 interire
310 853 402 902 totum
415 864 515 917 corpus
528 864 637 902 neeesse
650 853 728 914 esset,
740 847 788 915 sie,
798 848 822 900 si
834 865 907 901 unus
917 850 990 917 quis·

147 945 202 996 que
216 935 342 980 nostrum
355 929 392 980 ud
405 944 433 980 se
447 927 540 996 rapiat
554 929 703 981 commoda
717 927 835 979 aliorum
848 929 990 984 detrahat·

147 1025 201 1076 que
212 1009 290 1076 quod
302 1008 403 1076 cuique
415 1008 504 1077 possit
516 1007 697 1064 emolumenti
708 1007 752 1060 sui
761 1008 860 1077 gratia,
870 1009 989 1064 societas

146 1089 292 1141 bominum
307 1092 336 1140 et
350 1088 534 1141 communitas
549 1093 689 1142 evertatur
702 1105 813 1140 necesse
827 1093 877 1143 est.
914 1091 989 1144 Nam

146 1168 202 1222 sibi
222 1168 390 1236 utquisque
410 1168 491 1222 malit
506 1169 584 1238 quod
606 1169 643 1222 ari
661 1185 743 1236 usum
754 1169 829 1223 vitae
847 1171 989 1239 pertineat

146 1266 231 1318 quam
248 1249 328 1302 alteri
346 1248 488 1318 acquirere
506 1265 668 1302 eoncessum
686 1254 728 1302 est
741 1265 799 1301 non
812 1257 988 1319 repugnante

142 1335 253 1398 natura,
269 1330 342 1382 illud
363 1335 463 1384 natura
485 1345 542 1382 non
565 1330 680 1398 patitur,
694 1336 727 1382 ut
749 1321 867 1382 aliorum
890 1332 988 1400 spoliis

145 1416 256 1465 nostras
270 1411 426 1478 facultates,
437 1409 540 1480 copias,
551 1426 619 1478 opes
633 1426 790 1480 augeamus.
829 1413 871 1464 23.
887 1411 987 1482 Neque

145 1507 211 1546 vero
224 1486 278 1544 11όο
293 1493 383 1544 solum
395 1495 503 1556 natura,
513 1489 545 1542 id
560 1494 609 1559 est,
619 1489 679 1542 iure
694 1491 829 1559 gentium,
839 1491 889 1543 sed
902 1487 987 1545 etium

144 1573 255 1640 legibus
269 1572 445 1641 populorum,
459 1569 562 1638 quibus
579 1570 610 1622 in
628 1571 747 1640 singulis
765 1569 929 1623 civitatibus
944 1587 987 1624 res

144 1653 259 1722 publiea
280 1652 446 1720 continetur,
460 1653 560 1705 eodem
577 1653 664 1704 modo
685 1651 870 1704 constitutum
891 1656 941 1720 est,
954 1657 987 1705 ut

144 1750 202 1786 non
210 1734 294 1787 liceat
306 1733 350 1786 sui
363 1733 504 1786 commodi
514 1750 596 1786 causa
607 1749 706 1786 nocere
718 1733 806 1786 alteri.
838 1735 901 1786 Hoc
911 1735 985 1787 enim

145 1819 273 1882 spectant
282 1816 367 1885 leges,
378 1816 432 1868 boe
442 1815 549 1881 volunt,
559 1813 726 1866 ineolumem
736 1830 794 1866 esse
804 1813 909 1869 ciuium
922 1831 985 1867 cou-

143 1893 322 1964 iunetionem,
333 1912 419 1964 quum
431 1894 481 1962 qui
494 1894 637 1962 dirimunt,
647 1909 695 1946 eos
707 1899 796 1946 morte
809 1893 916 1962 exsilio,
926 1894 985 1948 vin-

144 1975 195 2028 elis
209 1977 312 2028 damino
327 1981 463 2030 coercent.
497 1976 592 2042 Atque
610 1975 665 2026 11οο
682 1975 772 2026 multo
791 1973 881 2042 magis
900 1974 985 2027 efficit

143 2055 204 2126 ipsu
216 2064 330 2111 naturae
342 2057 422 2126 ruti0,
432 2074 504 2127 quae
516 2063 558 2111 est
572 2059 617 2110 lex
631 2055 729 2109 divina
742 2058 771 2107 et
783 2055 919 2108 humana:
939 2055 984 2108 eui

142 2154 238 2207 parere
257 2139 306 2208 qui
323 2138 525 2192 velit-omnes
546 2144 640 2192 autem
661 2135 809 2205 parebunt,
822 2133 872 2202 qui
890 2151 984 2188 seeun-

143 2221 211 2275 dum
225 2229 353 2276 naturam
369 2222 465 2275 volent
479 2219 762 2286 vivere—numquam
781 2214 939 2270 committet
953 2222 985 2269 ut

133 2303 265 2357 ¹alienum
279 2307 394 2372 appetat
409 2307 437 2354 et
450 2301 490 2368 id,
501 2301 579 2368 quod
595 2299 675 2353 alteri
690 2297 852 2366 detraxerit,
866 2297 922 2351 sibi
937 2298 984 2352 ad-

142 2387 241 2436 sumat.
275 2383 318 2436 24.
332 2381 445 2434 Etenim
459 2383 549 2434 multo
567 2379 658 2449 magis
676 2384 717 2432 est
736 2378 890 2437 seeundum
904 2385 984 2432 natu·

141 2477 200 2513 rum
219 2463 363 2515 excelsitas
381 2460 467 2513 animi
486 2465 514 2514 et
531 2460 699 2530 magnitudo
717 2459 840 2528 itemque
858 2459 983 2526 comitas,

141 2539 255 2610 iustitia,
265 2541 418 2595 liberalitas
430 2557 514 2608 quam
526 2542 664 2610 voluptas,
675 2555 759 2608 quam
769 2539 837 2607 vita,
848 2555 934 2608 quam
943 2540 984 2592 di-

130 2620 242 2674 ·vitiae:
262 2637 333 2688 quae
348 2621 462 2689 quidem
477 2625 652 2674 contemnere
667 2626 695 2672 et
709 2635 761 2690 pro
776 2620 866 2672 nihilo
882 2621 984 2673 ducere

130 2704 349 2768 ¹comparantem
364 2717 428 2752 cum
442 2700 566 2754 utilitate
584 2701 726 2754 communi
741 2699 838 2769 magni
853 2700 941 2753 animi
955 2706 984 2753 et

129 2778 243 2831 excelsi
258 2783 307 2832 est.
344 2780 499 2834 Detrahere
517 2785 611 2834 autem
627 2782 662 2833 cle
678 2782 766 2834 altero
782 2780 825 2832 sui
840 2779 983 2833 commodi

140 2875 223 2912 causa
234 2858 324 2928 magis
337 2864 379 2911 est
394 2866 491 2914 contra
505 2865 633 2914 naturam
646 2877 731 2929 quam
743 2877 825 2929 mors,
836 2877 921 2930 quam
934 2863 982 2914 do

139 2941 190 3006 lor,
202 2955 285 3008 quam
298 2943 389 2990 cetera
403 2941 513 3007 generis
528 2941 660 2994 eiusdem.
694 2944 736 2996 25.
752 2943 880 3008 Itemque
892 2941 983 3010 magis

140 3024 181 3069 cst
200 3019 354 3070 seeundum
369 3023 497 3069 naturam
511 3036 563 3086 pro
582 3021 717 3072 omnibus
730 3021 869 3090 gentibus,
883 3021 907 3074 si
923 3020 981 3073 fieri

117 3137 121 3144 .
139 3097 236 3164 possit,
247 3095 446 3150 conservandis
455 3101 503 3148 aut
512 3098 644 3150 iuvandis
656 3100 793 3152 maximos
806 3102 916 3154 labores
925 3117 982 3154 mo-
