2256 3448
264 144 333 193 ΠΒ.
347 145 410 206 ΙΙΙ.,
427 144 505 194 CAP.
521 143 718 206 xvir-xlx„
735 143 749 203 ᾗ
767 144 857 194 70-76.
935 125 983 192 lid
1005 151 1008 156 '

54 297 58 301 Ι
141 232 175 280 ut
185 243 244 281 non
256 227 408 295 deliquisse
420 228 589 282 videanturt
625 228 697 281 Mihi
710 228 825 297 quidem
837 243 895 281 non
906 227 984 280 vide-

142 313 195 375 tur,
205 324 375 377 quamquam
388 309 507 360 alterum
516 308 613 360 vivum
625 309 725 376 amavi,
734 309 853 361 alterum
865 324 922 360 non
935 308 986 361 odi

142 393 292 443 mortuum.
330 390 535 443 ’1111111111
557 388 667 441 Basilus
688 390 725 442 M.
742 389 864 441 Satrium
884 389 986 442 sororis

142 465 231 522 filium
243 485 350 534 nomen,
358 485 440 522 suum
451 469 521 522 ferre
533 469 669 522 voluisset
683 485 802 536 eumque
815 469 926 522 fecisset
938 470 985 522 he-

142 549 350 602 redem—hunc
364 549 430 602 dico
445 555 594 617 patronum
611 548 671 618 agri
685 549 784 602 Piceni
801 554 829 601 et
845 549 949 618 Sabini,
960 551 985 602 Ο

142 633 253 698 turpem
271 634 368 682 notam
382 635 539 698 temporum
557 645 659 682 nomen
673 629 786 682 illorum
796 631 908 684 l-num
926 634 985 682 erat

144 725 264 778 aequum
275 709 418 780 principes
432 710 508 772 cives
522 727 580 762 rem
596 711 706 779 habere,
719 711 756 764 ad
773 710 897 764 Satrium
913 711 985 763 nihil

143 795 253 858 praeter
266 806 367 842 nomen
382 791 546 859 perveniret
582 791 703 858 Etenim,
718 791 741 844 si
756 792 789 859 is,
801 792 850 861 qui
865 809 922 844 nou
939 793 985 844 dc-

143 869 237 922 fcudit
253 869 385 922 iniuriam
404 887 495 939 noque
513 873 667 944 propulsat,
684 889 747 925 curn
766 877 868 942 potest,
883 872 985 924 iniusto

143 950 220 1016 facit,
228 954 261 1002 ut
271 950 302 1003 in
313 951 404 1020 primo
418 951 489 1004 libro
503 951 630 1022 disserui,
640 953 731 1022 qualis
743 954 890 1018 habendus
902 953 985 1021 estis,

144 1030 269 1098 quinon
289 1032 375 1084 ruodo
395 1048 453 1083 non
473 1033 591 1102 repellit,
607 1035 656 1086 sed
675 1035 760 1087 etiam
780 1035 897 1088 adiuvat
914 1034 986 1086 iniu-

144 1109 231 1164 riaml
267 1110 340 1164 Mihi
355 1111 471 1180 quidem
485 1113 569 1166 etiam
581 1129 663 1166 verae
678 1115 849 1167 hereditates
866 1132 923 1166 non
938 1116 987 1166 ho-

144 1196 239 1244 nestae
247 1190 387 1259 videntur,
396 1191 420 1244 si
433 1197 499 1245 sunt
510 1193 658 1246 malitiosis
667 1193 822 1261 blanditiis,
832 1194 987 1247 officiorum

143 1285 201 1323 non
214 1270 341 1339 veritate,
352 1273 402 1324 sed
417 1272 595 1325 simulatione
609 1273 759 1340 quaesitae.
796 1274 887 1342 ¹Atqui
901 1274 932 1326 in
946 1279 986 1326 ta-

144 1351 218 1404 libus
237 1351 320 1404 rebus
338 1351 414 1403 aliud
432 1351 502 1404 utile
519 1351 670 1419 interdum,
685 1353 763 1405 aliud
781 1354 930 1406 honestum
946 1353 986 1404 vi·

145 1431 205 1484 deri
219 1433 298 1485 solet.
336 1433 378 1484 75.
398 1431 496 1484 Falso:
515 1449 581 1484 narn
596 1433 694 1486 eadem
708 1433 841 1486 utilitatis
854 1449 924 1502 quae
938 1433 987 1484 ho

144 1511 261 1565 aestatis
279 1515 320 1566 cst
335 1513 439 1581 regula.
477 1512 533 1578 Qui
550 1513 609 1581 hoc¹
625 1529 683 1566 non
701 1513 862 1583 perviderit,
878 1514 914 1567 ab
932 1515 987 1566 hoc

145 1594 223 1646 nulla
234 1591 309 1645 fraus
322 1593 419 1660 aberit,
427 1595 536 1647 nullum
545 1593 661 1649 facinus.
687 1595 746 1649 'Sic
759 1595 833 1648 enim
845 1595 986 1664 cogitans:

144 1675 162 1703 “
170 1675 221 1726 Est
232 1673 306 1726 istuc
317 1673 431 1742 quidem
444 1675 601 1743 honestum,
612 1690 709 1728 verum
721 1675 777 1728 hoc
789 1676 931 1746 expedit?
944 1691 987 1728 res

146 1769 163 1806 a
179 1759 280 1806 natura
298 1757 443 1823 copulatas
463 1757 581 1810 audebit
599 1773 689 1810 errore
705 1756 846 1825 divellere,
860 1757 909 1827 qui
924 1756 988 1809 fons

147 1839 188 1887 ost
202 1834 353 1902 fraudium,
366 1837 573 1904 maleficiorum,
587 1839 721 1892 scelerum
739 1838 872 1892 omnium.
909 1839 986 1892 XIX.

146 1916 245 1984 Itaque
257 1915 282 1968 si
293 1915 337 1972 vir
348 1917 440 1970 bonus
452 1919 555 1971 habeat
567 1919 641 1972 hanc
650 1919 716 1988 vim,
726 1923 765 1988 ut,
776 1920 800 1973 si
813 1920 912 1990 digitis
923 1935 987 1973 con·

147 1996 292 2066 crepuerit,
300 1997 391 2066 possit
402 1997 433 2050 iu
442 1999 626 2068 locupletium
636 2003 803 2054 testamenta
814 2017 915 2054 nomen
928 2001 988 2052 eius

146 2075 275 2145 irrepere,
287 2077 342 2130 hac
357 2077 387 2131 vi
404 2093 461 2130 non
475 2083 579 2146 utatur,
592 2096 627 2132 111
643 2079 667 2132 11
681 2081 856 2149 exploratum
872 2079 987 2148 quidem

146 2156 250 2210 habeat
270 2156 302 2208 id
323 2157 436 2210 omnino
457 2157 597 2212 neminem
619 2175 753 2227 umquam
774 2160 986 2229 suspicaturum.

146 2237 186 2288 At
198 2237 279 2290 dares
290 2237 365 2290 hano
373 2238 431 2292 vim
443 2239 480 2293 M.
490 2241 596 2304 Crasso,
604 2245 636 2292 ut
646 2239 800 2308 digitorum
810 2240 987 2309 percussione

146 2317 226 2370 heres
240 2321 336 2386 posset
350 2319 470 2388 scriptus
485 2336 552 2387 esse,
562 2319 612 2389 qui
626 2336 733 2372 revera
747 2335 804 2371 non
816 2325 887 2372 esset
898 2321 987 2387 heres,

146 2396 176 2449 in
190 2397 261 2464 fore,
274 2399 357 2451 crede
371 2399 450 2467 mihi,
463 2401 583 2454 saltaret.
621 2401 714 2452 Homo
734 2405 827 2452 autem
846 2400 935 2454 iustus
952 2400 988 2451 is-

147 2493 209 2545 que,
218 2493 302 2546 quem
315 2478 450 2532 sentimus
459 2480 550 2532 virum
559 2481 673 2548 bonum,
682 2480 756 2532 nihil
769 2481 900 2549 cuiquam
910 2480 988 2550 quod

147 2557 177 2609 in
196 2573 225 2611 se
244 2558 393 2612 transferat
412 2560 548 2614 detrahet.
585 2561 648 2613 Hoc
667 2555 717 2630 qui
737 2561 899 2630 admiratur,
915 2562 940 2616 is
959 2577 987 2615 ae

147 2637 218 2704 quid
239 2638 277 2691 sit
294 2639 338 2692 vir
355 2640 447 2693 bonus
467 2641 573 2693 nescire
591 2641 721 2696 fateatur.
758 2643 800 2696 16.
816 2643 856 2696 At
874 2659 949 2712 vero,
965 2638 989 2696 si

148 2718 196 2787 qui
206 2719 327 2774 voluerit
339 2719 424 2773 animi
437 2720 480 2774 sui
493 2719 688 2789 complicatam
700 2721 844 2778 notionem
853 2725 987 2789 evolvere,

146 2797 203 2851 iam
218 2814 247 2851 se
262 2798 322 2868 ipse
337 2801 438 2854 doceat
447 2817 516 2853 eum
528 2800 619 2854 virum
635 2802 740 2854 bouum
755 2818 822 2871 esse,
837 2803 886 2872 qui
900 2805 989 2874 prosit

148 2878 251 2945 quibus
271 2881 368 2949 possit,
387 2886 485 2935 noceat
507 2881 612 2934 nemini
636 2881 691 2934 nisi
713 2884 858 2936 lacessitus
879 2885 987 2938 iniuria.

148 2959 225 3024 Quid
243 2962 331 3028 ergol
367 2961 423 3012 Hic
441 2978 498 3012 non
516 2967 623 3029 noceat,
639 2963 689 3030 qui
708 2965 831 3031 quodam
850 2965 930 3031 quasi
944 2981 989 3016 ve·

148 3054 220 3091 neno
239 3037 366 3108 perficiat
383 3044 416 3091 111
430 3057 510 3092 veros
525 3041 643 3094 heredes
660 3049 779 3111 moveat,
792 3043 822 3095 in
841 3059 935 3095 eorum
949 3045 989 3094 lo-

148 3118 286 3188 cumipse
301 3119 451 3172 succedatl
488 3121 504 3150 “
513 3121 578 3174 Non
592 3119 682 3190 igitur
693 3121 777 3175 faciat
786 3125 800 3152 '’
811 3123 914 3175 dixerit
927 3123 989 3192 quis
