2272 3442
332 2 387 21 „-

327 162 394 210 rra
412 162 445 222 1.‚
459 161 539 212 car.
555 161 683 219 ιιι-ιιι,
699 159 713 220 a
728 161 814 209 11-18.
960 160 994 207 er

150 243 317 312 quaerimus,
328 244 477 295 honestum
486 261 498 296 :¹
512 241 688 309 quodetiam
703 241 727 292 si
741 226 923 292 nobilitatum
937 256 994 291 non

150 315 303 390 s'it,tan1en
319 322 466 374 honestum
481 327 531 388 est,
542 321 676 389 quodque
691 336 756 372 vere
772 319 898 388 dicimus,
909 318 994 371 etiam

150 402 174 453 si
187 418 203 453 a
216 403 294 452 nullo
307 401 443 467 laudetur,
453 405 553 462 natura
565 417 623 452 esse
636 399 784 453 laudabile.

188 482 221 534 V.
238 482 369 532 Formam
388 480 504 548 quidem
523 479 621 547 ipsam,
635 480 727 531 Marce
744 479 792 546 fili,
808 483 837 531 et
850 483 994 545 tamquam
1014 478 1017 485 '

150 560 251 613 faciem
264 559 375 611 honesti
387 560 475 625 vides,
491 560 506 587 “
517 575 588 626 quae
601 557 624 610 si
638 559 726 610 oculis
742 563 904 625 cerneretur,
914 557 995 609 mira-

151 641 222 692 biles
234 655 341 692 amores
348 640 363 667 ”
376 644 408 690 ut
418 639 458 690 ait
467 639 551 691 Plato
561 640 577 666 ‘⁴
586 637 723 690 excitaret
732 637 911 706 sapientiae.”
940 638 995 690 Sed

151 736 234 772 omne
235 719 332 786 ,quod
347 723 389 770 est
404 719 562 783 honestum,
572 717 604 769 id
619 721 752 786 quattuor
766 716 889 785 partium
908 716 996 768 oritur

151 817 187 852 ex
199 793 301 868 aliqua.
333 799 393 852 Aut
381 799 482 852 tenim
495 798 524 850 in
537 796 736 868 perspicientia
748 813 807 850 verr
799 795 995 863 'sollertiaque

151 886 277 932 versatur
291 879 362 932 aut
354 896 385 930 ιιι
400 879 547 932 hominum
563 878 699 931 societate
714 877 820 930 tuenda
835 876 995 928 tribuendo-

151 976 220 1051 que
224 949 314 1012 sutlfii
324 958 425 1027 cuique
444 963 472 1011 et
489 975 581 1011 rernm
599 963 808 1010 contractarum
826 945 882 1009 fide
902 956 973 1008 aut
965 973 995 1007 m

151 1019 238 1092 ammi
252 1039 451 1106 excelsisque
463 1037 564 1092 invicti
576 1037 773 1107 magnitudine
786 1053 819 1090 ac
834 1037 932 1089 robore
948 1043 996 1089 aut

151 1119 182 1170 in
203 1119 337 1187 omniurn,
355 1135 427 1186 quae
446 1118 519 1170 fiunt
539 1134 667 1187 quaeque
688 1118 830 1186 dicuntur,
847 1117 945 1170 ordine
968 1125 996 1169 et

151 1198 264 1265 modo,'
255 1215 286 1250 ιιι
299 1215 355 1266 quo
368 1198 442 1250 inest
451 1197 590 1250 modestia
602 1203 630 1250 et
639 1197 831 1266 temperantia.
863 1199 904 1250 15.
919 1198 996 1263 Quae

152 1283 285 1348 quattuor
299 1294 469 1346 quamquam
481 1277 554 1329 inter
566 1293 595 1328 se
608 1277 743 1345 colligata
756 1281 841 1344 atque
852 1277 996 1345 implicata

152 1363 226 1424 sunt,
243 1361 339 1410 tamen
358 1373 393 1408 ex
411 1355 529 1424 singulis
548 1361 623 1408 certa
640 1355 795 1408 officiorum
814 1372 916 1424 genera
936 1372 996 1408 nus-

152 1442 261 1504 cuntur,
272 1437 351 1488 velut
363 1451 399 1487 ex
413 1451 446 1487 ea
460 1439 547 1504 parte,
558 1451 629 1502 quae
643 1435 734 1504 prima
749 1435 890 1503 descripta
905 1441 953 1502 est,
966 1435 1012 1500 in,

152 1529 210 1585 qna
224 1515 391 1586 sapientiam
406 1519 434 1567 et
448 1515 629 1584 prudentiam
644 1515 783 1584 ponimus,
793 1515 866 1567 inest
880 1515 996 1584 indaga-

151 1599 193 1650 tio
209 1602 293 1665 atque
306 1595 432 1650 inventio
444 1595 510 1662 veri,
523 1595 638 1664 eiusque
650 1594 763 1648 virtutis
774 1595 829 1647 hoe
841 1611 942 1647 munus
955 1603 997 1648 est

153 1677 305 1746 proprium.
334 1678 375 1730 16.
389 1676 512 1730 Utenim
526 1675 642 1745 quisque
651 1675 773 1728 maxime
783 1675 917 1745 perspicit
927 1677 996 1746 quid

152 1758 183 1808 in
199 1774 227 1809 re
241 1771 354 1824 quaque
368 1755 542 1808 verissimum
558 1755 595 1808 sit
609 1756 714 1824 quique
734 1756 893 1810 acutissime
912 1761 940 1810 et
954 1773 997 1810 co·

153 1837 262 1890 lcrrime
277 1840 371 1906 potest
385 1840 413 1888 et
427 1836 524 1890 videre
537 1840 566 1888 et
581 1836 720 1906 explicare
736 1837 886 1910 rationem,
894 1837 919 1890 is
932 1855 997 1908 pru·

154 1917 334 1970 dentissimus
349 1920 377 1968 et
391 1915 614 1984 sapientissimus
628 1917 680 1969 rite
696 1917 793 1972 haberi
808 1921 885 1973 solet.
923 1919 997 1986 Quo-

153 1998 228 2050 circa
252 1997 320 2050 huic
348 1997 429 2065 quasi
452 1997 576 2063 materia,
599 2012 683 2065 quam
707 2001 810 2051 tractet
834 2004 863 2052 et
886 1999 917 2051 in
941 2015 997 2067 qua

153 2081 285 2144 versetur,
299 2077 425 2128 subiecta
439 2080 481 2128 est
495 2077 604 2130 veritas.
643 2079 684 2130 17.
698 2078 826 2146 Reliquis
841 2082 935 2132 autem
949 2078 997 2130 tri-

154 2159 207 2208 bus
221 2156 374 2209 virtutibus
391 2153 570 2208 necessitates
583 2156 745 2224 propositae
760 2162 827 2211 sunt
841 2159 878 2211 ad
893 2175 939 2212 eas
953 2174 997 2210 res

155 2235 297 2304 parandas
318 2235 501 2302 tuendasque,
514 2234 618 2304 quibus
640 2234 713 2287 actio
732 2234 808 2289 vitae
830 2235 996 2300 continetur,

155 2321 188 2366 ut
201 2318 229 2366 et
242 2311 360 2364 societas
372 2312 518 2364 hominum
533 2312 750 2381 coniunctioque
764 2319 888 2366 servetur
900 2317 928 2365 et
941 2313 997 2365 ani-

155 2393 196 2447 mi
218 2391 385 2445 excellentia
402 2392 626 2462 magnitudoque
648 2408 712 2445 cum
729 2392 760 2444 in
779 2389 916 2462 augendis
939 2393 997 2462 opi-

155 2475 208 2524 bus
226 2467 454 2535 utilitatibusque
476 2471 504 2520 et
524 2467 626 2521 sibiet
645 2468 702 2521 suis
721 2468 917 2538 comparandis
936 2475 996 2521 tum

155 2552 244 2603 multo
263 2548 353 2619 magis
367 2548 397 2600 in
412 2547 457 2600 his
472 2547 541 2617 ipsis
557 2548 747 2618 despiciendis
766 2550 881 2602 eluceat.
920 2550 996 2601 Ordo

155 2637 249 2682 autem
264 2633 292 2682 et
306 2628 465 2682 constantia
480 2635 509 2682 et
524 2629 679 2682 moderatio
695 2634 723 2681 et
738 2645 777 2696 ea,
789 2645 860 2696 quae
875 2635 940 2683 sunt
953 2629 997 2681 his

156 2710 266 2777 similia,
277 2714 423 2762 versantur
434 2709 464 2762 in
478 2726 511 2772 eo
523 2725 631 2779 genere,
641 2710 679 2762 ad
692 2710 767 2778 quod
781 2713 822 2761 est
835 2709 997 2762 adhibenda

156 2789 231 2842 actio
244 2789 391 2858 quaedam,
402 2806 460 2842 non
473 2791 563 2841 solum
577 2789 679 2841 mentis
694 2789 820 2858 agitatio.
858 2789 911 2842 His
923 2788 997 2842 enim

156 2869 247 2936 rebus,
264 2886 335 2938 quae
353 2873 509 2922 tractantur
529 2869 559 2920 in
579 2869 645 2936 vita,
663 2871 780 2922 modum
800 2870 949 2938 quemdam
969 2871 997 2919 et

157 2949 284 3003 ordinem
303 2950 470 3004 adhibentes
485 2949 660 3002 honestatem
678 2953 706 3002 et
721 2946 997 3002 deeusoonseruabi-

156 3047 226 3084 mus.

194 3111 241 3166 VI.
269 3111 309 3164 18.
330 3111 373 3162 Ex
392 3114 526 3178 quattuor
544 3113 637 3162 autem
656 3109 733 3177 locis,
749 3109 780 3161 in
798 3124 868 3176 quos
884 3105 997 3164 honesti
