2272 3442
140 123 171 175 16
239 119 241 125 ’
366 123 404 172 Μ.
422 121 548 171 TULLII
570 122 760 171 CICERONIS

139 219 193 256 non
204 202 326 271 intelligo
337 218 373 254 ne
384 203 413 254 in
424 201 486 254 istis
498 201 610 269 quidem
617 201 804 269 voluptatibus
815 201 882 269 ipsis
893 217 987 255 carere

140 295 221 332 sensu
233 280 410 332 senectutem.
449 277 496 329 Me
515 293 580 330 vero
596 280 626 330 et
644 277 802 344 magisteria
815 277 953 330 delectant
970 293 987 329 a

139 353 288 422 majoribus
306 353 452 416 instituta;
471 355 499 405 et
518 353 542 405 is
562 368 650 405 sermo
665 352 712 420 qui
730 369 805 405 moro
823 352 987 420 major-uma

108 495 111 502 ,
140 445 246 482 summo
258 428 406 481 adhibetur
418 429 446 480 in
458 429 578 495 poculis—3
596 431 625 482 et
642 428 746 496 pocula,
759 428 829 481 sicut
840 429 869 480 in
881 443 987 496 sympo-

140 508 180 558 sio
193 504 381 573 Xenophontis
402 507 452 572 ost,
465 504 571 557 minuta
586 506 670 572 atquo
688 505 816 571 rorantia,
828 507 857 557 et
876 505 987 572 refrige-

139 580 209 633 ratio
232 583 345 647 aestate,
364 583 393 633 et
413 579 531 632 vicissim
551 583 598 632 aut
622 579 661 632 sol
685 583 733 633 aut
756 579 827 647 ignis
848 579 985 633 hibernus.

141 657 216 719 Quae
235 655 346 724 quidem
359 655 442 709 etiam
460 655 488 707 in
507 654 615 708 Sabinis
632 656 761 724 persequi
779 656 859 723 soleo,
871 654 987 709 convivi

139 731 408 800 umque-vicinorum
428 729 552 798 quotidie
572 731 700 799 compleo,
720 732 795 800 quod
815 731 851 784 ad
872 731 987 784 multam

139 811 246 860 noctem
259 823 341 874 quam
354 807 472 859 inaximo
483 823 627 873 possumus
639 809 713 860 vario
726 824 850 860 somnone
861 807 988 874 produci-

139 899 207 935 mus.
242 887 283 939 47.
303 883 343 934 At
359 898 413 934 non
425 885 469 934 cst
481 881 652 948 voluptatum
670 886 749 936 tanta
766 883 845 951 quasi
864 882 987 935 titillatio

139 957 167 1010 iu
181 958 298 1011 senibus.
334 957 439 1010 Credo:
458 957 507 1010 sed
524 974 559 1010 nc
572 957 738 1012 desideratio
756 958 875 1028 quidem.
911 958 986 1011 Nihil

139 1037 233 1087 autom
245 1033 391 1087 molestum
404 1033 478 1100 quod
493 1049 547 1085 uon
561 1033 708 1087 desideres.
745 1035 821 1088 Bene
834 1033 986 1102 Sophocles,

140 1126 224 1177 quum
236 1125 271 1162 ex
283 1125 315 1161 eo
327 1107 438 1177 quidam
446 1107 506 1175 jam
518 1109 616 1162 affecto
628 1114 719 1164 aetate
731 1113 884 1178 quaereret,
896 1113 988 1163 utere-

140 1190 221 1239 turne
244 1183 327 1238 rebus
351 1185 490 1248 venereis;
518 1183 563 1236 Dii
585 1185 713 1239 meliora!
740 1186 845 1254 inquit:
869 1185 988 1238 libenter

81 1253 85 1262 '
140 1277 204 1314 vero
227 1261 309 1314 istinc
332 1259 403 1313 sicut
420 1277 437 1312 a
455 1259 563 1312 domiuo
582 1261 684 1326 agresti
701 1265 736 1315 ae'
750 1262 852 1314 furioso
872 1261 987 1330 profugi.

141 1336 255 1405 (lepidis
266 1336 340 1389 enim
352 1352 443 1389 rerum
461 1335 558 1389 talium
577 1337 701 1390 odiosum
719 1338 834 1391 fortasse
846 1340 875 1390 ot
891 1337 987 1390 molos-

140 1417 200 1465 tum
212 1415 255 1466 est
267 1428 375 1475 carere;
393 1411 501 1465 satiatis
515 1429 580 1466 vero
599 1416 628 1466 et
646 1413 764 1482 expletis
778 1413 927 1480 jucundius
944 1423 988 1466 ost

140 1504 234 1542 carere
254 1503 336 1556 quam
355 1487 417 1540 frui.
455 1487 626 1555 Quamquam
650 1505 703 1541 non
724 1492 800 1542 earet
822 1489 846 1540 is
867 1488 987 1556 quinon

141 1563 287 1617 desiderat.
322 1563 380 1630 Ego
407 1579 462 1614 nou
486 1562 644 1616 desiderare
669 1564 729 1617 dico
753 1580 812 1617 csse
831 1563 988 1631 jucundius.

141 1645 182 1693 48.
201 1639 280 1710 Quod
297 1638 319 1690 si
336 1638 398 1690 istis
417 1638 484 1705 ipsis
505 1639 690 1706 voluptatibus
709 1639 781 1693 bona
796 1643 872 1692 aetas
887 1639 988 1692 fruitur

141 1714 278 1782 libentius,
299 1714 418 1782 primum
440 1711 678 1780 parvulis'fruitur
695 1715 786 1783 rebus,
804 1719 836 1768 ut
854 1714 988 1782 diximus;

142 1791 241 1844 deinde
253 1790 287 1843 iis
306 1787 405 1857 quibus
424 1793 556 1857 senectus,
569 1791 592 1843 si
610 1807 664 1843 non
683 1792 791 1844 abunde
809 1791 921 1859 potitur,
933 1807 986 1844 non

141 1866 250 1920 omnino
262 1869 345 1918 caret.
382 1865 422 1918 Ut
435 1865 570 1933 'lurpione
584 1867 721 1920 Ambivio
730 1867 818 1934 magis
836 1867 989 1920 delectatur

142 1943 189 2011 qui
200 1942 229 1994 in
240 1941 329 2010 prima
340 1957 423 1994 cavea
435 1945 548 2009 spectat,
561 1941 714 1995 delectatur
731 1947 823 1996 tamon
840 1943 922 1996 otiam
941 1944 988 2010 qui

142 2023 169 2070 in
188 2018 308 2082 ultima;.
323 2016 361 2069 sic
379 2017 561 2070 adolescentia
578 2017 732 2086 voluptates
749 2022 863 2087 propter
879 2019 989 2080 intuens

141 2094 228 2161 magis
244 2093 361 2145 fortasse
379 2091 506 2159 laetatur,
522 2093 571 2145 sed
589 2092 743 2147 delectatur
761 2095 844 2147 etiam
862 2098 989 2147 senectus

141 2168 234 2238 procul
255 2185 302 2222 eas
321 2171 446 2236 spectans
467 2171 574 2221 tantum
596 2173 727 2236 quantum
743 2174 786 2223 sat
803 2173 853 2223 est.
889 2176 929 2223 49.
948 2174 989 2224 At

141 2245 187 2298 illa
205 2245 300 2314 quanti
320 2247 391 2310 sunt,
409 2245 536 2313 animum,
548 2248 688 2314 tamquam
707 2247 828 2299 emeritis
846 2246 990 2314 stipendiis

141 2322 268 2389 libidipis,
279 2321 444 2387 ambitionis,
457 2322 646 2389 contentionis,
664 2323 874 2388 inimicitiarum,
886 2323 989 2390 cupidi-

141 2401 231 2452 tatum
242 2399 370 2465 omnium,
383 2413 473 2450 seeum
486 2413 546 2450 esse
558 2395 711 2466 secumque,
722 2401 755 2451 ut
767 2398 987 2463 dicitur,vivcrc!

142 2475 170 2527 Si
189 2490 253 2527 vero
271 2473 356 2527 habet
373 2473 484 2541 aliquod
501 2477 641 2541 tamquam
657 2473 786 2542 pabulum
805 2471 888 2525 studii
906 2476 990 2542 atquo

142 2550 288 2613 doctrinae,
308 2548 375 2600 nihil
396 2552 439 2601 ost
460 2548 548 2601 otiosa
569 2552 710 2602 senectute
725 2548 881 2618 jucundius.
918 2548 989 2602 Mori

141 2639 228 2693 paene
239 2623 399 2676 videbamus
410 2624 438 2675 in
451 2623 543 2676 studio
555 2623 715 2677 dimetiendi
726 2625 794 2678 caeli
803 2627 887 2692 atque
898 2626 997 2678 terrac·

142 2699 174 2754 Ο.
189 2699 296 2753 Gallum
308 2694 469 2752 fannliarem
485 2699 572 2768 patris
583 2700 632 2766 tui,
646 2700 744 2768 Scipio,
782 2700 896 2764 Quoties
913 2699 990 2753 illum

141 2775 188 2828 lux
209 2777 291 2827 noctu
317 2774 420 2843 aliquid
441 2774 597 2828 describere
620 2776 780 2844 ingressum,
804 2777 911 2845 quoties
935 2793 989 2829 nox

142 2850 286 2919 oppressit,
312 2867 396 2918 quum
425 2867 505 2904 noane
535 2852 683 2918 coepissetl
722 2852 809 2916 Quam
833 2851 990 2907 delectabat

142 2943 204 2980 oum
217 2925 383 2979 delectiones
396 2926 459 2979 solis
471 2930 500 2980 ot
512 2925 591 2979 lunae
603 2927 691 2980 multo
705 2928 783 2981 nobis
801 2931 865 2980 anto
882 2927 991 2996 praedi-

142 3005 218 3056 cere!
256 3007 297 3055 50.
316 3001 427 3065 Quium
439 3001 587 3054 levioribus
599 3002 699 3056 studiis
714 3003 764 3056 sed
782 3005 874 3056 tamen
885 3003 991 3057 acutis?

143 3079 231 3143 Quam
248 3077 386 3146 gaudebat
403 3075 475 3128 bello
492 3093 540 3128 suo
560 3076 662 3128 Punico
676 3076 809 3130 Naevius!
829 3095 911 3145 quam
924 3078 992 3131 Tru-

142 3155 251 3210 culento
272 3150 399 3207 Plautus!
419 3167 501 3219 quam
524 3150 689 3204 Pseudolol·
712 3152 778 3205 Vidi
796 3153 879 3207 otiam
898 3167 991 3208 senem
