<?xml version="1.0" encoding="UTF-8"?>
<!DOCTYPE html PUBLIC "-//W3C//DTD XHTML 1.0 Transitional//EN"
    "http://www.w3.org/TR/xhtml1/DTD/xhtml1-transitional.dtd">
<html xmlns="http://www.w3.org/1999/xhtml" xml:lang="en" lang="en">
 <head>
  <title>
</title>
<meta http-equiv="Content-Type" content="text/html;charset=utf-8" />
  <meta name='ocr-system' content='tesseract 3.04.00' />
  <meta name='ocr-capabilities' content='ocr_page ocr_carea ocr_par ocr_line ocrx_word'/>
</head>
<body>
  <div class='ocr_page' id='page_1' title='image "./mtulliiciceroni01longgoog_0097.png"; bbox 0 0 2272 3442; ppageno 0'>
   <div class='ocr_carea' id='block_1_1' title="bbox 153 107 680 180">
    <p class='ocr_par' dir='ltr' id='par_1_1' title="bbox 153 107 680 180">
     <span class='ocr_line' id='line_1_1' title="bbox 153 107 680 180; baseline -0.006 -8"><span class='ocrx_word' id='word_1_1' title='bbox 153 125 186 172; x_wconf 81' lang='lat' dir='ltr'><strong>se</strong></span> <span class='ocrx_word' id='word_1_2' title='bbox 300 175 302 180; x_wconf 64' lang='lat'><strong>,</strong></span> <span class='ocrx_word' id='word_1_3' title='bbox 460 107 680 171; x_wconf 80' lang='lat' dir='ltr'><strong>naorrrcrrs</strong></span> 
     </span>
    </p>
   </div>
   <div class='ocr_carea' id='block_1_2' title="bbox 124 205 1004 2842">
    <p class='ocr_par' dir='ltr' id='par_1_2' title="bbox 153 205 997 1322">
     <span class='ocr_line' id='line_1_2' title="bbox 153 205 997 276; baseline 0.002 -15"><span class='ocrx_word' id='word_1_4' title='bbox 153 211 197 262; x_wconf 77' lang='lat'><strong>73.</strong></span> <span class='ocrx_word' id='word_1_5' title='bbox 211 209 288 274; x_wconf 78' lang='lat' dir='ltr'><strong>Quae</strong></span> <span class='ocrx_word' id='word_1_6' title='bbox 302 207 427 260; x_wconf 78' lang='lat' dir='ltr'><strong>faciliora</strong></span> <span class='ocrx_word' id='word_1_7' title='bbox 442 213 507 258; x_wconf 89' lang='lat' dir='ltr'><strong>sunt</strong></span> <span class='ocrx_word' id='word_1_8' title='bbox 521 207 706 276; x_wconf 87' lang='lat' dir='ltr'><strong>pbilosophis,</strong></span> <span class='ocrx_word' id='word_1_9' title='bbox 720 223 777 274; x_wconf 89' lang='lat' dir='ltr'><strong>quo</strong></span> <span class='ocrx_word' id='word_1_10' title='bbox 795 205 889 260; x_wconf 82' lang='lat' dir='ltr'><strong>minus</strong></span> <span class='ocrx_word' id='word_1_11' title='bbox 906 209 997 264; x_wconf 82' lang='lat' dir='ltr'><strong>multa</strong></span> 
     </span>
     <span class='ocr_line' id='line_1_3' title="bbox 153 287 997 356; baseline 0.001 -16"><span class='ocrx_word' id='word_1_12' title='bbox 153 292 251 356; x_wconf 88' lang='lat' dir='ltr'><strong>patent</strong></span> <span class='ocrx_word' id='word_1_13' title='bbox 263 287 292 340; x_wconf 93' lang='lat' dir='ltr'><strong>in</strong></span> <span class='ocrx_word' id='word_1_14' title='bbox 305 303 400 340; x_wconf 89' lang='lat' dir='ltr'><strong>eorum</strong></span> <span class='ocrx_word' id='word_1_15' title='bbox 412 287 472 340; x_wconf 84' lang='lat' dir='ltr'><strong>vita</strong></span> <span class='ocrx_word' id='word_1_16' title='bbox 485 304 556 356; x_wconf 88' lang='lat' dir='ltr'><strong>quae</strong></span> <span class='ocrx_word' id='word_1_17' title='bbox 570 287 682 339; x_wconf 82' lang='lat' dir='ltr'><strong>ibrtuna</strong></span> <span class='ocrx_word' id='word_1_18' title='bbox 696 287 778 339; x_wconf 85' lang='lat' dir='ltr'><strong>t&#39;eriat</strong></span> <span class='ocrx_word' id='word_1_19' title='bbox 790 293 819 340; x_wconf 88' lang='lat' dir='ltr'><strong>et</strong></span> <span class='ocrx_word' id='word_1_20' title='bbox 832 301 888 355; x_wconf 92' lang='lat' dir='ltr'><strong>quo</strong></span> <span class='ocrx_word' id='word_1_21' title='bbox 903 289 997 341; x_wconf 88' lang='lat' dir='ltr'><strong>minus</strong></span> 
     </span>
     <span class='ocr_line' id='line_1_4' title="bbox 153 367 996 437; baseline 0.004 -18"><span class='ocrx_word' id='word_1_22' title='bbox 153 367 250 420; x_wconf 86' lang='lat' dir='ltr'><strong>multis</strong></span> <span class='ocrx_word' id='word_1_23' title='bbox 263 369 345 420; x_wconf 91' lang='lat' dir='ltr'><strong>rebus</strong></span> <span class='ocrx_word' id='word_1_24' title='bbox 355 373 439 436; x_wconf 87' lang='lat' dir='ltr'><strong>egent</strong></span> <span class='ocrx_word' id='word_1_25' title='bbox 449 373 477 420; x_wconf 90' lang='lat' dir='ltr'><strong>et</strong></span> <span class='ocrx_word' id='word_1_26' title='bbox 487 368 560 435; x_wconf 87' lang='lat' dir='ltr'><strong>quin,</strong></span> <span class='ocrx_word' id='word_1_27' title='bbox 571 368 595 420; x_wconf 87' lang='lat' dir='ltr'><strong>si</strong></span> <span class='ocrx_word' id='word_1_28' title='bbox 606 367 673 436; x_wconf 89' lang='lat' dir='ltr'><strong>quid</strong></span> <span class='ocrx_word' id='word_1_29' title='bbox 686 367 928 437; x_wconf 85' lang='lat' dir='ltr'><strong>adversieveniat,</strong></span> <span class='ocrx_word' id='word_1_30' title='bbox 937 373 996 422; x_wconf 90' lang='lat' dir='ltr'><strong>tam</strong></span> 
     </span>
     <span class='ocr_line' id='line_1_5' title="bbox 153 447 996 518; baseline 0.004 -19"><span class='ocrx_word' id='word_1_31' title='bbox 153 448 276 517; x_wconf 89' lang='lat' dir='ltr'><strong>graviter</strong></span> <span class='ocrx_word' id='word_1_32' title='bbox 289 448 387 500; x_wconf 90' lang='lat' dir='ltr'><strong>cadere</strong></span> <span class='ocrx_word' id='word_1_33' title='bbox 399 465 456 500; x_wconf 90' lang='lat' dir='ltr'><strong>non</strong></span> <span class='ocrx_word' id='word_1_34' title='bbox 469 455 592 518; x_wconf 86' lang='lat' dir='ltr'><strong>possunt.</strong></span> <span class='ocrx_word' id='word_1_35' title='bbox 623 447 759 514; x_wconf 78' lang='lat' dir='ltr'><strong>Quocirca</strong></span> <span class='ocrx_word' id='word_1_36' title='bbox 767 464 829 500; x_wconf 89' lang='lat' dir='ltr'><strong>:non</strong></span> <span class='ocrx_word' id='word_1_37' title='bbox 841 449 901 501; x_wconf 85' lang='lat' dir='ltr'><strong>sine</strong></span> <span class='ocrx_word' id='word_1_38' title='bbox 914 465 996 502; x_wconf 88' lang='lat' dir='ltr'><strong>causa</strong></span> 
     </span>
     <span class='ocr_line' id='line_1_6' title="bbox 154 529 997 597; baseline 0.001 -15"><span class='ocrx_word' id='word_1_39' title='bbox 154 529 271 582; x_wconf 87' lang='lat' dir='ltr'><strong>maiores</strong></span> <span class='ocrx_word' id='word_1_40' title='bbox 289 533 382 582; x_wconf 90' lang='lat' dir='ltr'><strong>motus</strong></span> <span class='ocrx_word' id='word_1_41' title='bbox 399 529 556 582; x_wconf 88' lang='lat' dir='ltr'><strong>animorum</strong></span> <span class='ocrx_word' id='word_1_42' title='bbox 575 529 914 597; x_wconf 42' lang='lat' dir='ltr'><strong>concitanturirn&#39;aiorque</strong></span> <span class='ocrx_word' id='word_1_43' title='bbox 929 546 997 583; x_wconf 90' lang='lat' dir='ltr'><strong>cura</strong></span> 
     </span>
     <span class='ocr_line' id='line_1_7' title="bbox 154 608 996 679; baseline 0 -17"><span class='ocrx_word' id='word_1_44' title='bbox 154 609 295 662; x_wconf 87' lang='lat' dir='ltr'><strong>efficiendi</strong></span> <span class='ocrx_word' id='word_1_45' title='bbox 309 626 367 663; x_wconf 90' lang='lat' dir='ltr'><strong>rem</strong></span> <span class='ocrx_word' id='word_1_46' title='bbox 383 609 525 679; x_wconf 78' lang='lat' dir='ltr'><strong>publicam</strong></span> <span class='ocrx_word' id='word_1_47' title='bbox 540 609 703 678; x_wconf 82' lang='lat' dir='ltr'>gerentibus</span> <span class='ocrx_word' id='word_1_48' title='bbox 719 608 929 678; x_wconf 78' lang='lat' dir='ltr'><strong>quauiquietis,</strong></span> <span class='ocrx_word' id='word_1_49' title='bbox 940 627 996 678; x_wconf 91' lang='lat' dir='ltr'><strong>quo</strong></span> 
     </span>
     <span class='ocr_line' id='line_1_8' title="bbox 154 687 996 760; baseline 0 -18"><span class='ocrx_word' id='word_1_50' title='bbox 154 690 245 760; x_wconf 87' lang='lat' dir='ltr'><strong>magis</strong></span> <span class='ocrx_word' id='word_1_51' title='bbox 259 691 294 743; x_wconf 90' lang='lat' dir='ltr'><strong>iis</strong></span> <span class='ocrx_word' id='word_1_52' title='bbox 309 696 338 744; x_wconf 88' lang='lat' dir='ltr'><strong>et</strong></span> <span class='ocrx_word' id='word_1_53' title='bbox 349 687 525 760; x_wconf 80' lang='lat' dir='ltr'><strong>magnitudo</strong></span> <span class='ocrx_word' id='word_1_54' title='bbox 534 696 575 743; x_wconf 86' lang='lat' dir='ltr'><strong>est</strong></span> <span class='ocrx_word' id='word_1_55' title='bbox 588 691 674 742; x_wconf 88' lang='lat' dir='ltr'><strong>animi</strong></span> <span class='ocrx_word' id='word_1_56' title='bbox 687 691 891 743; x_wconf 77' lang='lat' dir='ltr'><strong>adhibendast</strong></span> <span class='ocrx_word' id='word_1_57' title='bbox 903 691 996 744; x_wconf 88' lang='lat' dir='ltr'><strong>vacui-</strong></span> 
     </span>
     <span class='ocr_line' id='line_1_9' title="bbox 155 771 997 840; baseline 0 -16"><span class='ocrx_word' id='word_1_58' title='bbox 155 776 199 824; x_wconf 89' lang='lat' dir='ltr'><strong>tas</strong></span> <span class='ocrx_word' id='word_1_59' title='bbox 207 771 243 824; x_wconf 85' lang='lat' dir='ltr'><strong>ab</strong></span> <span class='ocrx_word' id='word_1_60' title='bbox 253 772 411 840; x_wconf 86' lang='lat' dir='ltr'><strong>angoribus.</strong></span> <span class='ocrx_word' id='word_1_61' title='bbox 439 771 487 823; x_wconf 92' lang='lat' dir='ltr'><strong>Ad</strong></span> <span class='ocrx_word' id='word_1_62' title='bbox 497 787 555 823; x_wconf 87' lang='lat' dir='ltr'><strong>rem</strong></span> <span class='ocrx_word' id='word_1_63' title='bbox 564 771 716 840; x_wconf 84' lang='lat' dir='ltr'><strong>gerendam</strong></span> <span class='ocrx_word' id='word_1_64' title='bbox 726 771 819 824; x_wconf 82' lang='lat' dir='ltr'><strong>autern</strong></span> <span class='ocrx_word' id='word_1_65' title='bbox 828 771 877 838; x_wconf 89' lang='lat' dir='ltr'><strong>qni</strong></span> <span class='ocrx_word' id='word_1_66' title='bbox 887 771 997 824; x_wconf 88' lang='lat' dir='ltr'><strong>accedit</strong></span> 
     </span>
     <span class='ocr_line' id='line_1_10' title="bbox 155 850 997 918; baseline 0 -14"><span class='ocrx_word' id='word_1_67' title='bbox 155 857 254 914; x_wconf 75' lang='lat' dir='ltr'><strong>careat</strong></span> <span class='ocrx_word' id='word_1_68' title='bbox 267 868 303 904; x_wconf 89' lang='lat' dir='ltr'><strong>ne</strong></span> <span class='ocrx_word' id='word_1_69' title='bbox 320 851 351 903; x_wconf 89' lang='lat' dir='ltr'><strong>id</strong></span> <span class='ocrx_word' id='word_1_70' title='bbox 366 851 452 902; x_wconf 88' lang='lat' dir='ltr'><strong>modo</strong></span> <span class='ocrx_word' id='word_1_71' title='bbox 471 850 628 903; x_wconf 78' lang='lat' dir='ltr'><strong>consideret</strong></span> <span class='ocrx_word' id='word_1_72' title='bbox 647 867 731 918; x_wconf 87' lang='lat' dir='ltr'><strong>quam</strong></span> <span class='ocrx_word' id='word_1_73' title='bbox 749 851 805 904; x_wconf 87' lang='lat' dir='ltr'><strong>illa</strong></span> <span class='ocrx_word' id='word_1_74' title='bbox 818 867 862 904; x_wconf 88' lang='lat' dir='ltr'><strong>res</strong></span> <span class='ocrx_word' id='word_1_75' title='bbox 878 852 997 904; x_wconf 85' lang='lat' dir='ltr'><strong>honesta</strong></span> 
     </span>
     <span class='ocr_line' id='line_1_11' title="bbox 155 930 996 998; baseline -0.001 -14"><span class='ocrx_word' id='word_1_76' title='bbox 155 933 200 998; x_wconf 86' lang='lat' dir='ltr'><strong>sit,</strong></span> <span class='ocrx_word' id='word_1_77' title='bbox 213 931 262 984; x_wconf 89' lang='lat' dir='ltr'><strong>sed</strong></span> <span class='ocrx_word' id='word_1_78' title='bbox 278 930 362 983; x_wconf 92' lang='lat' dir='ltr'><strong>etiam</strong></span> <span class='ocrx_word' id='word_1_79' title='bbox 376 935 408 982; x_wconf 90' lang='lat' dir='ltr'><strong>ut</strong></span> <span class='ocrx_word' id='word_1_80' title='bbox 420 931 524 984; x_wconf 89' lang='lat' dir='ltr'><strong>habeat</strong></span> <span class='ocrx_word' id='word_1_81' title='bbox 539 931 681 984; x_wconf 89' lang='lat' dir='ltr'><strong>efficiendi</strong></span> <span class='ocrx_word' id='word_1_82' title='bbox 696 931 875 984; x_wconf 82' lang='lat' dir='ltr'><strong>facultatem:</strong></span> <span class='ocrx_word' id='word_1_83' title='bbox 893 931 924 984; x_wconf 93' lang='lat' dir='ltr'><strong>in</strong></span> <span class='ocrx_word' id='word_1_84' title='bbox 939 948 996 998; x_wconf 91' lang='lat' dir='ltr'><strong>quo</strong></span> 
     </span>
     <span class='ocr_line' id='line_1_12' title="bbox 155 1010 997 1080; baseline 0.001 -18"><span class='ocrx_word' id='word_1_85' title='bbox 155 1011 217 1079; x_wconf 88' lang='lat' dir='ltr'><strong>ipso</strong></span> <span class='ocrx_word' id='word_1_86' title='bbox 232 1010 468 1064; x_wconf 86' lang='lat' dir='ltr'><strong>considerandum</strong></span> <span class='ocrx_word' id='word_1_87' title='bbox 482 1017 525 1063; x_wconf 90' lang='lat' dir='ltr'><strong>est</strong></span> <span class='ocrx_word' id='word_1_88' title='bbox 539 1028 574 1064; x_wconf 89' lang='lat' dir='ltr'><strong>nc</strong></span> <span class='ocrx_word' id='word_1_89' title='bbox 589 1018 637 1064; x_wconf 89' lang='lat' dir='ltr'><strong>ant</strong></span> <span class='ocrx_word' id='word_1_90' title='bbox 650 1017 752 1064; x_wconf 80' lang='lat' dir='ltr'><strong>temere</strong></span> <span class='ocrx_word' id='word_1_91' title='bbox 768 1013 898 1080; x_wconf 72' lang='lat' dir='ltr'><strong>desPeret</strong></span> <span class='ocrx_word' id='word_1_92' title='bbox 914 1027 997 1080; x_wconf 91' lang='lat' dir='ltr'><strong>prop-</strong></span> 
     </span>
     <span class='ocr_line' id='line_1_13' title="bbox 156 1090 995 1162; baseline 0.004 -20"><span class='ocrx_word' id='word_1_93' title='bbox 156 1096 198 1143; x_wconf 85' lang='lat' dir='ltr'><strong>ter</strong></span> <span class='ocrx_word' id='word_1_94' title='bbox 212 1090 354 1159; x_wconf 86' lang='lat' dir='ltr'><strong>ignaviam</strong></span> <span class='ocrx_word' id='word_1_95' title='bbox 369 1096 418 1144; x_wconf 88' lang='lat' dir='ltr'><strong>ant</strong></span> <span class='ocrx_word' id='word_1_96' title='bbox 433 1090 517 1144; x_wconf 89' lang='lat' dir='ltr'><strong>nimis</strong></span> <span class='ocrx_word' id='word_1_97' title='bbox 532 1093 657 1145; x_wconf 86' lang='lat' dir='ltr'><strong>confidat</strong></span> <span class='ocrx_word' id='word_1_98' title='bbox 670 1097 786 1162; x_wconf 88' lang='lat' dir='ltr'><strong>propter</strong></span> <span class='ocrx_word' id='word_1_99' title='bbox 801 1091 995 1161; x_wconf 85' lang='lat' dir='ltr'><strong>cupiditatem.</strong></span> 
     </span>
     <span class='ocr_line' id='line_1_14' title="bbox 156 1171 997 1242; baseline 0.001 -20"><span class='ocrx_word' id='word_1_100' title='bbox 156 1171 190 1222; x_wconf 91' lang='lat' dir='ltr'><strong>In</strong></span> <span class='ocrx_word' id='word_1_101' title='bbox 203 1171 332 1224; x_wconf 89' lang='lat' dir='ltr'><strong>omnibus</strong></span> <span class='ocrx_word' id='word_1_102' title='bbox 345 1179 438 1224; x_wconf 83' lang='lat' dir='ltr'><strong>antem</strong></span> <span class='ocrx_word' id='word_1_103' title='bbox 451 1172 573 1241; x_wconf 85' lang='lat' dir='ltr'><strong>negotiis</strong></span> <span class='ocrx_word' id='word_1_104' title='bbox 586 1172 663 1241; x_wconf 90' lang='lat' dir='ltr'><strong>prius</strong></span> <span class='ocrx_word' id='word_1_105' title='bbox 675 1189 760 1240; x_wconf 90' lang='lat' dir='ltr'><strong>quam</strong></span> <span class='ocrx_word' id='word_1_106' title='bbox 773 1172 939 1242; x_wconf 81' lang='lat' dir='ltr'><strong>adgrediare</strong></span> <span class='ocrx_word' id='word_1_107' title='bbox 949 1171 997 1224; x_wconf 91' lang='lat' dir='ltr'><strong>ad-</strong></span> 
     </span>
     <span class='ocr_line' id='line_1_15' title="bbox 157 1251 664 1322; baseline 0.002 -18"><span class='ocrx_word' id='word_1_108' title='bbox 157 1251 280 1304; x_wconf 89' lang='lat' dir='ltr'><strong>hibenda</strong></span> <span class='ocrx_word' id='word_1_109' title='bbox 293 1257 334 1306; x_wconf 89' lang='lat' dir='ltr'><strong>est</strong></span> <span class='ocrx_word' id='word_1_110' title='bbox 346 1252 522 1322; x_wconf 84' lang='lat' dir='ltr'><strong>praeparatio</strong></span> <span class='ocrx_word' id='word_1_111' title='bbox 536 1253 664 1322; x_wconf 79' lang='lat' dir='ltr'><strong>diligena</strong></span> 
     </span>
    </p>

    <p class='ocr_par' dir='ltr' id='par_1_3' title="bbox 124 1331 1004 2842">
     <span class='ocr_line' id='line_1_16' title="bbox 192 1331 996 1402; baseline -0.002 -16"><span class='ocrx_word' id='word_1_112' title='bbox 192 1333 283 1388; x_wconf 87' lang='lat' dir='ltr'>XXII.</span> <span class='ocrx_word' id='word_1_113' title='bbox 315 1335 357 1386; x_wconf 78' lang='lat'><strong>74.</strong></span> <span class='ocrx_word' id='word_1_114' title='bbox 378 1333 512 1386; x_wconf 80' lang='lat' dir='ltr'><strong>Sericum</strong></span> <span class='ocrx_word' id='word_1_115' title='bbox 528 1333 654 1402; x_wconf 87' lang='lat' dir='ltr'><strong>plerique</strong></span> <span class='ocrx_word' id='word_1_116' title='bbox 672 1331 843 1385; x_wconf 85' lang='lat' dir='ltr'><strong>arbitrentur</strong></span> <span class='ocrx_word' id='word_1_117' title='bbox 859 1349 903 1385; x_wconf 85' lang='lat' dir='ltr'><strong>res</strong></span> <span class='ocrx_word' id='word_1_118' title='bbox 918 1331 996 1384; x_wconf 92' lang='lat' dir='ltr'><strong>belli·</strong></span> 
     </span>
     <span class='ocr_line' id='line_1_17' title="bbox 157 1413 997 1481; baseline -0.002 -15"><span class='ocrx_word' id='word_1_119' title='bbox 157 1429 204 1466; x_wconf 87' lang='lat' dir='ltr'><strong>cas</strong></span> <span class='ocrx_word' id='word_1_120' title='bbox 222 1413 341 1466; x_wconf 91' lang='lat' dir='ltr'><strong>maiores</strong></span> <span class='ocrx_word' id='word_1_121' title='bbox 362 1430 420 1466; x_wconf 86' lang='lat' dir='ltr'><strong>esse</strong></span> <span class='ocrx_word' id='word_1_122' title='bbox 443 1429 527 1481; x_wconf 91' lang='lat' dir='ltr'><strong>quam</strong></span> <span class='ocrx_word' id='word_1_123' title='bbox 549 1414 675 1480; x_wconf 89' lang='lat' dir='ltr'><strong>urbanas,</strong></span> <span class='ocrx_word' id='word_1_124' title='bbox 694 1413 847 1465; x_wconf 88' lang='lat' dir='ltr'><strong>minuenda</strong></span> <span class='ocrx_word' id='word_1_125' title='bbox 868 1417 910 1466; x_wconf 88' lang='lat' dir='ltr'><strong>est</strong></span> <span class='ocrx_word' id='word_1_126' title='bbox 928 1413 997 1464; x_wconf 88' lang='lat' dir='ltr'><strong>haec</strong></span> 
     </span>
     <span class='ocr_line' id='line_1_18' title="bbox 157 1493 998 1564; baseline -0.002 -18"><span class='ocrx_word' id='word_1_127' title='bbox 157 1495 261 1563; x_wconf 91' lang='lat' dir='ltr'><strong>opinio.</strong></span> <span class='ocrx_word' id='word_1_128' title='bbox 298 1494 383 1546; x_wconf 91' lang='lat' dir='ltr'><strong>Multi</strong></span> <span class='ocrx_word' id='word_1_129' title='bbox 397 1493 472 1546; x_wconf 87' lang='lat' dir='ltr'><strong>eninr</strong></span> <span class='ocrx_word' id='word_1_130' title='bbox 485 1493 559 1546; x_wconf 90' lang='lat' dir='ltr'><strong>bella</strong></span> <span class='ocrx_word' id='word_1_131' title='bbox 574 1509 655 1562; x_wconf 84' lang='lat' dir='ltr'><strong>saepe</strong></span> <span class='ocrx_word' id='word_1_132' title='bbox 671 1493 868 1560; x_wconf 85' lang='lat' dir='ltr'><strong>quaesiverunt</strong></span> <span class='ocrx_word' id='word_1_133' title='bbox 882 1498 998 1564; x_wconf 87' lang='lat' dir='ltr'><strong>propter</strong></span> 
     </span>
     <span class='ocr_line' id='line_1_19' title="bbox 157 1572 998 1643; baseline -0.002 -17"><span class='ocrx_word' id='word_1_134' title='bbox 157 1574 262 1643; x_wconf 83' lang='lat' dir='ltr'><strong>gloriae</strong></span> <span class='ocrx_word' id='word_1_135' title='bbox 277 1573 470 1642; x_wconf 87' lang='lat' dir='ltr'><strong>cupiditatem,</strong></span> <span class='ocrx_word' id='word_1_136' title='bbox 485 1579 569 1640; x_wconf 88' lang='lat' dir='ltr'><strong>atque</strong></span> <span class='ocrx_word' id='word_1_137' title='bbox 584 1573 615 1626; x_wconf 90' lang='lat' dir='ltr'><strong>id</strong></span> <span class='ocrx_word' id='word_1_138' title='bbox 629 1572 659 1625; x_wconf 92' lang='lat' dir='ltr'><strong>in</strong></span> <span class='ocrx_word' id='word_1_139' title='bbox 678 1573 788 1642; x_wconf 87' lang='lat' dir='ltr'><strong>magnis</strong></span> <span class='ocrx_word' id='word_1_140' title='bbox 806 1573 907 1626; x_wconf 88' lang='lat' dir='ltr'><strong>animis</strong></span> <span class='ocrx_word' id='word_1_141' title='bbox 921 1573 998 1642; x_wconf 87' lang='lat' dir='ltr'><strong>inga-</strong></span> 
     </span>
     <span class='ocr_line' id='line_1_20' title="bbox 157 1652 997 1723; baseline 0 -19"><span class='ocrx_word' id='word_1_142' title='bbox 157 1653 270 1723; x_wconf 88' lang='lat' dir='ltr'><strong>niisque</strong></span> <span class='ocrx_word' id='word_1_143' title='bbox 281 1655 446 1722; x_wconf 91' lang='lat' dir='ltr'><strong>plerumque</strong></span> <span class='ocrx_word' id='word_1_144' title='bbox 465 1653 605 1722; x_wconf 87' lang='lat' dir='ltr'><strong>contingit</strong></span> <span class='ocrx_word' id='word_1_145' title='bbox 620 1669 708 1720; x_wconf 90' lang='lat' dir='ltr'><strong>eoque</strong></span> <span class='ocrx_word' id='word_1_146' title='bbox 726 1652 825 1722; x_wconf 85' lang='lat' dir='ltr'><strong>magis,</strong></span> <span class='ocrx_word' id='word_1_147' title='bbox 840 1653 863 1705; x_wconf 88' lang='lat' dir='ltr'><strong>si</strong></span> <span class='ocrx_word' id='word_1_148' title='bbox 879 1656 944 1704; x_wconf 90' lang='lat' dir='ltr'><strong>sunt</strong></span> <span class='ocrx_word' id='word_1_149' title='bbox 959 1652 997 1704; x_wconf 89' lang='lat' dir='ltr'><strong>ad</strong></span> 
     </span>
     <span class='ocr_line' id='line_1_21' title="bbox 157 1733 996 1803; baseline 0 -19"><span class='ocrx_word' id='word_1_150' title='bbox 157 1749 215 1785; x_wconf 89' lang='lat' dir='ltr'><strong>rem</strong></span> <span class='ocrx_word' id='word_1_151' title='bbox 233 1733 381 1786; x_wconf 90' lang='lat' dir='ltr'><strong>militarem</strong></span> <span class='ocrx_word' id='word_1_152' title='bbox 400 1733 461 1802; x_wconf 89' lang='lat' dir='ltr'><strong>apti</strong></span> <span class='ocrx_word' id='word_1_153' title='bbox 479 1737 507 1786; x_wconf 90' lang='lat' dir='ltr'><strong>et</strong></span> <span class='ocrx_word' id='word_1_154' title='bbox 525 1733 623 1802; x_wconf 91' lang='lat' dir='ltr'><strong>cupidi</strong></span> <span class='ocrx_word' id='word_1_155' title='bbox 641 1734 779 1786; x_wconf 91' lang='lat' dir='ltr'><strong>bellorum</strong></span> <span class='ocrx_word' id='word_1_156' title='bbox 801 1733 996 1803; x_wconf 81' lang='lat' dir='ltr'><strong>gerendorum,</strong></span> 
     </span>
     <span class='ocr_line' id='line_1_22' title="bbox 158 1811 1004 1882; baseline -0.001 -17"><span class='ocrx_word' id='word_1_157' title='bbox 158 1812 230 1865; x_wconf 90' lang='lat' dir='ltr'><strong>Vere</strong></span> <span class='ocrx_word' id='word_1_158' title='bbox 248 1817 341 1864; x_wconf 89' lang='lat' dir='ltr'><strong>autern</strong></span> <span class='ocrx_word' id='word_1_159' title='bbox 360 1812 384 1864; x_wconf 89' lang='lat' dir='ltr'><strong>si</strong></span> <span class='ocrx_word' id='word_1_160' title='bbox 402 1813 531 1865; x_wconf 81' lang='lat' dir='ltr'><strong>volumus</strong></span> <span class='ocrx_word' id='word_1_161' title='bbox 549 1813 683 1882; x_wconf 88' lang='lat' dir='ltr'><strong>iudicare,</strong></span> <span class='ocrx_word' id='word_1_162' title='bbox 698 1814 804 1866; x_wconf 89' lang='lat' dir='ltr'><strong>multae</strong></span> <span class='ocrx_word' id='word_1_163' title='bbox 824 1829 868 1866; x_wconf 91' lang='lat' dir='ltr'><strong>res</strong></span> <span class='ocrx_word' id='word_1_164' title='bbox 886 1811 1004 1874; x_wconf 38' lang='lat' dir='ltr'><strong>exstite,</strong></span> 
     </span>
     <span class='ocr_line' id='line_1_23' title="bbox 157 1891 996 1962; baseline 0.004 -19"><span class='ocrx_word' id='word_1_165' title='bbox 157 1895 223 1943; x_wconf 88' lang='lat' dir='ltr'><strong>runt</strong></span> <span class='ocrx_word' id='word_1_166' title='bbox 237 1891 360 1944; x_wconf 88' lang='lat' dir='ltr'><strong>urbanae</strong></span> <span class='ocrx_word' id='word_1_167' title='bbox 372 1891 491 1943; x_wconf 89' lang='lat' dir='ltr'><strong>maiores</strong></span> <span class='ocrx_word' id='word_1_168' title='bbox 498 1892 688 1962; x_wconf 85' lang='lat' dir='ltr'><strong>&#39;clarioresque</strong></span> <span class='ocrx_word' id='word_1_169' title='bbox 701 1909 785 1960; x_wconf 90' lang='lat' dir='ltr'><strong>quam</strong></span> <span class='ocrx_word' id='word_1_170' title='bbox 797 1893 922 1947; x_wconf 89' lang='lat' dir='ltr'><strong>bellicae.</strong></span> <span class='ocrx_word' id='word_1_171' title='bbox 954 1895 996 1946; x_wconf 78' lang='lat'><strong>75.</strong></span> 
     </span>
     <span class='ocr_line' id='line_1_24' title="bbox 159 1969 999 2036; baseline 0.002 -14"><span class='ocrx_word' id='word_1_172' title='bbox 159 1969 292 2036; x_wconf 77' lang='lat' dir='ltr'><strong>Quamvis</strong></span> <span class='ocrx_word' id='word_1_173' title='bbox 311 1969 385 2023; x_wconf 87' lang='lat' dir='ltr'><strong>enim</strong></span> <span class='ocrx_word' id='word_1_174' title='bbox 400 1971 600 2026; x_wconf 83' lang='lat' dir='ltr'><strong>Themistocles</strong></span> <span class='ocrx_word' id='word_1_175' title='bbox 618 1973 678 2026; x_wconf 91' lang='lat' dir='ltr'><strong>iure</strong></span> <span class='ocrx_word' id='word_1_176' title='bbox 693 1973 824 2026; x_wconf 89' lang='lat' dir='ltr'><strong>laudetur</strong></span> <span class='ocrx_word' id='word_1_177' title='bbox 841 1979 869 2026; x_wconf 89' lang='lat' dir='ltr'><strong>et</strong></span> <span class='ocrx_word' id='word_1_178' title='bbox 885 1973 922 2025; x_wconf 91' lang='lat' dir='ltr'><strong>sit</strong></span> <span class='ocrx_word' id='word_1_179' title='bbox 940 1972 999 2025; x_wconf 90' lang='lat' dir='ltr'><strong>eius</strong></span> 
     </span>
     <span class='ocr_line' id='line_1_25' title="bbox 157 2051 998 2122; baseline 0.005 -20"><span class='ocrx_word' id='word_1_180' title='bbox 157 2067 260 2118; x_wconf 83' lang='lat' dir='ltr'><strong>nomen</strong></span> <span class='ocrx_word' id='word_1_181' title='bbox 275 2067 359 2118; x_wconf 89' lang='lat' dir='ltr'><strong>quarn</strong></span> <span class='ocrx_word' id='word_1_182' title='bbox 373 2051 483 2104; x_wconf 82' lang='lat' dir='ltr'><strong>Solonis</strong></span> <span class='ocrx_word' id='word_1_183' title='bbox 494 2051 629 2106; x_wconf 82' lang='lat' dir='ltr'><strong>illustrius</strong></span> <span class='ocrx_word' id='word_1_184' title='bbox 642 2053 799 2122; x_wconf 85' lang='lat' dir='ltr'><strong>citcturque</strong></span> <span class='ocrx_word' id='word_1_185' title='bbox 813 2053 929 2106; x_wconf 79' lang='lat' dir='ltr'><strong>Salamis</strong></span> <span class='ocrx_word' id='word_1_186' title='bbox 944 2055 998 2106; x_wconf 88' lang='lat' dir='ltr'><strong>ela-</strong></span> 
     </span>
     <span class='ocr_line' id='line_1_26' title="bbox 158 2131 999 2203; baseline 0.005 -21"><span class='ocrx_word' id='word_1_187' title='bbox 158 2131 281 2184; x_wconf 83' lang='lat' dir='ltr'><strong>rissimae</strong></span> <span class='ocrx_word' id='word_1_188' title='bbox 294 2131 373 2184; x_wconf 86' lang='lat' dir='ltr'><strong>testis</strong></span> <span class='ocrx_word' id='word_1_189' title='bbox 385 2131 526 2200; x_wconf 89' lang='lat' dir='ltr'><strong>victoriae,</strong></span> <span class='ocrx_word' id='word_1_190' title='bbox 537 2149 608 2200; x_wconf 89' lang='lat' dir='ltr'><strong>quae</strong></span> <span class='ocrx_word' id='word_1_191' title='bbox 621 2139 807 2203; x_wconf 89' lang='lat' dir='ltr'><strong>anteponatur</strong></span> <span class='ocrx_word' id='word_1_192' title='bbox 819 2133 937 2186; x_wconf 91' lang='lat' dir='ltr'><strong>consilio</strong></span> <span class='ocrx_word' id='word_1_193' title='bbox 950 2134 999 2186; x_wconf 79' lang='lat' dir='ltr'><strong>So</strong></span> 
     </span>
     <span class='ocr_line' id='line_1_27' title="bbox 135 2212 999 2284; baseline 0.001 -21"><span class='ocrx_word' id='word_1_194' title='bbox 135 2228 139 2236; x_wconf 80' lang='grc'><strong>’</strong></span> <span class='ocrx_word' id='word_1_195' title='bbox 159 2213 231 2265; x_wconf 89' lang='lat' dir='ltr'><strong>lonis</strong></span> <span class='ocrx_word' id='word_1_196' title='bbox 241 2213 274 2280; x_wconf 91' lang='lat' dir='ltr'><strong>ci,</strong></span> <span class='ocrx_word' id='word_1_197' title='bbox 285 2229 341 2281; x_wconf 92' lang='lat' dir='ltr'><strong>qno</strong></span> <span class='ocrx_word' id='word_1_198' title='bbox 351 2212 473 2281; x_wconf 91' lang='lat' dir='ltr'><strong>primum</strong></span> <span class='ocrx_word' id='word_1_199' title='bbox 482 2213 628 2266; x_wconf 89' lang='lat' dir='ltr'><strong>constituit</strong></span> <span class='ocrx_word' id='word_1_200' title='bbox 638 2214 831 2284; x_wconf 85' lang='lat' dir='ltr'><strong>Areopagitas,</strong></span> <span class='ocrx_word' id='word_1_201' title='bbox 840 2230 897 2266; x_wconf 90' lang='lat' dir='ltr'><strong>non</strong></span> <span class='ocrx_word' id='word_1_202' title='bbox 906 2213 999 2265; x_wconf 89' lang='lat' dir='ltr'><strong>minus</strong></span> 
     </span>
     <span class='ocr_line' id='line_1_28' title="bbox 158 2293 999 2362; baseline 0.002 -18"><span class='ocrx_word' id='word_1_203' title='bbox 158 2295 330 2362; x_wconf 88' lang='lat' dir='ltr'><strong>praeclarum</strong></span> <span class='ocrx_word' id='word_1_204' title='bbox 352 2293 406 2346; x_wconf 89' lang='lat' dir='ltr'><strong>hoc</strong></span> <span class='ocrx_word' id='word_1_205' title='bbox 428 2309 512 2360; x_wconf 88' lang='lat' dir='ltr'><strong>quam</strong></span> <span class='ocrx_word' id='word_1_206' title='bbox 534 2293 607 2347; x_wconf 88' lang='lat' dir='ltr'><strong>illud</strong></span> <span class='ocrx_word' id='word_1_207' title='bbox 627 2293 811 2346; x_wconf 89' lang='lat' dir='ltr'><strong>iudicandum</strong></span> <span class='ocrx_word' id='word_1_208' title='bbox 835 2299 884 2347; x_wconf 88' lang='lat' dir='ltr'><strong>est.</strong></span> <span class='ocrx_word' id='word_1_209' title='bbox 921 2294 999 2346; x_wconf 91' lang='lat' dir='ltr'><strong>Illud</strong></span> 
     </span>
     <span class='ocr_line' id='line_1_29' title="bbox 158 2373 999 2443; baseline -0.001 -17"><span class='ocrx_word' id='word_1_210' title='bbox 158 2373 233 2426; x_wconf 87' lang='lat' dir='ltr'><strong>enim</strong></span> <span class='ocrx_word' id='word_1_211' title='bbox 246 2375 330 2427; x_wconf 88' lang='lat' dir='ltr'><strong>semel</strong></span> <span class='ocrx_word' id='word_1_212' title='bbox 345 2373 459 2442; x_wconf 83' lang='lat' dir='ltr'><strong>profuit,</strong></span> <span class='ocrx_word' id='word_1_213' title='bbox 469 2374 524 2426; x_wconf 90' lang='lat' dir='ltr'><strong>hoc</strong></span> <span class='ocrx_word' id='word_1_214' title='bbox 539 2390 648 2442; x_wconf 89' lang='lat' dir='ltr'><strong>semper</strong></span> <span class='ocrx_word' id='word_1_215' title='bbox 658 2375 786 2443; x_wconf 88' lang='lat' dir='ltr'><strong>proderit</strong></span> <span class='ocrx_word' id='word_1_216' title='bbox 799 2373 924 2428; x_wconf 89' lang='lat' dir='ltr'><strong>civitati:</strong></span> <span class='ocrx_word' id='word_1_217' title='bbox 944 2375 999 2426; x_wconf 88' lang='lat' dir='ltr'><strong>hoc</strong></span> 
     </span>
     <span class='ocr_line' id='line_1_30' title="bbox 124 2454 999 2523; baseline -0.001 -17"><span class='ocrx_word' id='word_1_218' title='bbox 124 2481 126 2486; x_wconf 85' lang='lat'><em>.</em></span> <span class='ocrx_word' id='word_1_219' title='bbox 158 2454 276 2507; x_wconf 89' lang='lat' dir='ltr'><strong>consilio</strong></span> <span class='ocrx_word' id='word_1_220' title='bbox 285 2457 360 2523; x_wconf 85' lang='lat' dir='ltr'><strong>leges</strong></span> <span class='ocrx_word' id='word_1_221' title='bbox 367 2454 588 2522; x_wconf 82' lang='lat' dir='ltr'><strong>Atheniensium,</strong></span> <span class='ocrx_word' id='word_1_222' title='bbox 597 2455 651 2507; x_wconf 93' lang='lat' dir='ltr'><strong>hoc</strong></span> <span class='ocrx_word' id='word_1_223' title='bbox 661 2455 797 2508; x_wconf 92' lang='lat' dir='ltr'><strong>maiorum</strong></span> <span class='ocrx_word' id='word_1_224' title='bbox 806 2455 935 2508; x_wconf 88' lang='lat' dir='ltr'><strong>instituta</strong></span> <span class='ocrx_word' id='word_1_225' title='bbox 945 2470 999 2506; x_wconf 85' lang='lat' dir='ltr'><strong>ser·</strong></span> 
     </span>
     <span class='ocr_line' id='line_1_31' title="bbox 157 2534 999 2603; baseline -0.001 -16"><span class='ocrx_word' id='word_1_226' title='bbox 157 2538 266 2588; x_wconf 86' lang='lat' dir='ltr'><strong>vantur.</strong></span> <span class='ocrx_word' id='word_1_227' title='bbox 303 2536 341 2586; x_wconf 84' lang='lat' dir='ltr'><strong>Et</strong></span> <span class='ocrx_word' id='word_1_228' title='bbox 353 2534 554 2587; x_wconf 86' lang='lat' dir='ltr'><strong>Themistocles</strong></span> <span class='ocrx_word' id='word_1_229' title='bbox 563 2535 682 2602; x_wconf 79' lang='lat' dir='ltr'><strong>‚quidem</strong></span> <span class='ocrx_word' id='word_1_230' title='bbox 694 2535 765 2588; x_wconf 92' lang='lat' dir='ltr'><strong>nibil</strong></span> <span class='ocrx_word' id='word_1_231' title='bbox 778 2535 889 2602; x_wconf 84' lang='lat' dir='ltr'><strong>dixerit,</strong></span> <span class='ocrx_word' id='word_1_232' title='bbox 899 2535 929 2587; x_wconf 91' lang='lat' dir='ltr'><strong>in</strong></span> <span class='ocrx_word' id='word_1_233' title='bbox 942 2551 999 2603; x_wconf 91' lang='lat' dir='ltr'><strong>quo</strong></span> 
     </span>
     <span class='ocr_line' id='line_1_32' title="bbox 158 2613 999 2682; baseline 0.002 -16"><span class='ocrx_word' id='word_1_234' title='bbox 158 2613 219 2682; x_wconf 90' lang='lat' dir='ltr'><strong>ipse</strong></span> <span class='ocrx_word' id='word_1_235' title='bbox 232 2614 411 2682; x_wconf 81' lang='lat' dir='ltr'><strong>Areopagum</strong></span> <span class='ocrx_word' id='word_1_236' title='bbox 425 2615 579 2668; x_wconf 84' lang='lat' dir='ltr'><strong>adiuverit:</strong></span> <span class='ocrx_word' id='word_1_237' title='bbox 600 2621 629 2667; x_wconf 91' lang='lat' dir='ltr'><strong>at</strong></span> <span class='ocrx_word' id='word_1_238' title='bbox 641 2615 688 2668; x_wconf 91' lang='grc'>1111</span> <span class='ocrx_word' id='word_1_239' title='bbox 701 2633 765 2668; x_wconf 90' lang='lat' dir='ltr'><strong>vere</strong></span> <span class='ocrx_word' id='word_1_240' title='bbox 780 2617 815 2668; x_wconf 91' lang='lat' dir='ltr'><strong>ab</strong></span> <span class='ocrx_word' id='word_1_241' title='bbox 829 2632 857 2668; x_wconf 87' lang='lat' dir='ltr'><strong>se</strong></span> <span class='ocrx_word' id='word_1_242' title='bbox 870 2616 999 2668; x_wconf 88' lang='lat' dir='ltr'><strong>adiutum</strong></span> 
     </span>
     <span class='ocr_line' id='line_1_33' title="bbox 158 2693 999 2766; baseline 0.006 -21"><span class='ocrx_word' id='word_1_243' title='bbox 158 2693 384 2746; x_wconf 80' lang='lat' dir='ltr'><strong>Themistoclem.</strong></span> <span class='ocrx_word' id='word_1_244' title='bbox 421 2696 472 2746; x_wconf 88' lang='lat' dir='ltr'><strong>Est</strong></span> <span class='ocrx_word' id='word_1_245' title='bbox 487 2695 561 2747; x_wconf 86' lang='lat' dir='ltr'><strong>enim</strong></span> <span class='ocrx_word' id='word_1_246' title='bbox 576 2695 682 2748; x_wconf 87' lang='lat' dir='ltr'><strong>bellum</strong></span> <span class='ocrx_word' id='word_1_247' title='bbox 696 2702 808 2766; x_wconf 85' lang='lat' dir='ltr'><strong>gestum</strong></span> <span class='ocrx_word' id='word_1_248' title='bbox 823 2697 941 2750; x_wconf 90' lang='lat' dir='ltr'><strong>consilio</strong></span> <span class='ocrx_word' id='word_1_249' title='bbox 960 2713 999 2750; x_wconf 76' lang='lat' dir='ltr'><strong>se</strong></span> 
     </span>
     <span class='ocr_line' id='line_1_34' title="bbox 159 2773 1000 2842; baseline 0.006 -17"><span class='ocrx_word' id='word_1_250' title='bbox 159 2778 242 2826; x_wconf 91' lang='lat' dir='ltr'><strong>natus</strong></span> <span class='ocrx_word' id='word_1_251' title='bbox 263 2774 329 2838; x_wconf 89' lang='lat' dir='ltr'><strong>eius,</strong></span> <span class='ocrx_word' id='word_1_252' title='bbox 345 2773 394 2842; x_wconf 91' lang='lat' dir='ltr'><strong>qni</strong></span> <span class='ocrx_word' id='word_1_253' title='bbox 413 2791 429 2826; x_wconf 88' lang='lat' dir='ltr'><strong>a</strong></span> <span class='ocrx_word' id='word_1_254' title='bbox 449 2776 550 2828; x_wconf 85' lang='lat' dir='ltr'><strong>Solone</strong></span> <span class='ocrx_word' id='word_1_255' title='bbox 572 2781 630 2830; x_wconf 89' lang='lat' dir='ltr'><strong>erat</strong></span> <span class='ocrx_word' id='word_1_256' title='bbox 649 2777 825 2832; x_wconf 87' lang='lat' dir='ltr'><strong>constitutus.</strong></span> <span class='ocrx_word' id='word_1_257' title='bbox 863 2779 905 2831; x_wconf 75' lang='grc'><strong>76.</strong></span> <span class='ocrx_word' id='word_1_258' title='bbox 921 2777 1000 2830; x_wconf 88' lang='lat' dir='ltr'><strong>Licet</strong></span> 
     </span>
    </p>
   </div>
   <div class='ocr_carea' id='block_1_3' title="bbox 108 2853 1001 3163">
    <p class='ocr_par' dir='ltr' id='par_1_4' title="bbox 108 2853 1001 3163">
     <span class='ocr_line' id='line_1_35' title="bbox 159 2853 1000 2926; baseline 0.005 -20"><span class='ocrx_word' id='word_1_259' title='bbox 159 2853 257 2907; x_wconf 89' lang='lat' dir='ltr'><strong>eadem</strong></span> <span class='ocrx_word' id='word_1_260' title='bbox 267 2853 302 2906; x_wconf 89' lang='lat' dir='ltr'><strong>dc</strong></span> <span class='ocrx_word' id='word_1_261' title='bbox 313 2855 451 2907; x_wconf 88' lang='lat' dir='ltr'><strong>Pausania</strong></span> <span class='ocrx_word' id='word_1_262' title='bbox 460 2856 661 2924; x_wconf 85' lang='lat' dir='ltr'><strong>Lysandroque</strong></span> <span class='ocrx_word' id='word_1_263' title='bbox 673 2857 774 2926; x_wconf 90' lang='lat' dir='ltr'><strong>dicere,</strong></span> <span class='ocrx_word' id='word_1_264' title='bbox 785 2874 905 2926; x_wconf 87' lang='lat' dir='ltr'><strong>quorum</strong></span> <span class='ocrx_word' id='word_1_265' title='bbox 918 2859 1000 2910; x_wconf 87' lang='lat' dir='ltr'><strong>rebus</strong></span> 
     </span>
     <span class='ocr_line' id='line_1_36' title="bbox 159 2933 1001 3007; baseline 0 -17"><span class='ocrx_word' id='word_1_266' title='bbox 159 2933 245 3004; x_wconf 84' lang='lat' dir='ltr'><strong>gestis</strong></span> <span class='ocrx_word' id='word_1_267' title='bbox 260 2949 429 3002; x_wconf 87' lang='lat' dir='ltr'><strong>quamquam</strong></span> <span class='ocrx_word' id='word_1_268' title='bbox 444 2935 593 3005; x_wconf 88' lang='lat' dir='ltr'><strong>imperium</strong></span> <span class='ocrx_word' id='word_1_269' title='bbox 607 2937 836 2991; x_wconf 88' lang='lat' dir='ltr'><strong>Lacedaemoniis</strong></span> <span class='ocrx_word' id='word_1_270' title='bbox 852 2979 858 2992; x_wconf 89' lang='lat'>.</span> <span class='ocrx_word' id='word_1_271' title='bbox 876 2977 882 2990; x_wconf 94' lang='lat'>.</span> <span class='ocrx_word' id='word_1_272' title='bbox 899 2979 905 2992; x_wconf 92' lang='lat'><strong>.</strong></span> <span class='ocrx_word' id='word_1_273' title='bbox 920 2943 1001 3007; x_wconf 88' lang='lat' dir='ltr'><strong>puta·</strong></span> 
     </span>
     <span class='ocr_line' id='line_1_37' title="bbox 108 3015 1001 3087; baseline 0.003 -19"><span class='ocrx_word' id='word_1_274' title='bbox 108 3035 113 3044; x_wconf 89' lang='lat'><strong>·</strong></span> <span class='ocrx_word' id='word_1_275' title='bbox 159 3025 213 3084; x_wconf 87' lang='lat' dir='ltr'><strong>tur,</strong></span> <span class='ocrx_word' id='word_1_276' title='bbox 227 3020 321 3068; x_wconf 91' lang='lat' dir='ltr'><strong>tamen</strong></span> <span class='ocrx_word' id='word_1_277' title='bbox 336 3031 371 3066; x_wconf 91' lang='lat' dir='ltr'><strong>ne</strong></span> <span class='ocrx_word' id='word_1_278' title='bbox 388 3015 504 3068; x_wconf 89' lang='lat' dir='ltr'><strong>minima</strong></span> <span class='ocrx_word' id='word_1_279' title='bbox 520 3016 633 3083; x_wconf 89' lang='lat' dir='ltr'><strong>quidem</strong></span> <span class='ocrx_word' id='word_1_280' title='bbox 650 3035 684 3069; x_wconf 83' lang='lat' dir='ltr'><strong>ex</strong></span> <span class='ocrx_word' id='word_1_281' title='bbox 699 3024 780 3086; x_wconf 91' lang='lat' dir='ltr'><strong>parte</strong></span> <span class='ocrx_word' id='word_1_282' title='bbox 794 3018 917 3087; x_wconf 85' lang='lat' dir='ltr'><strong>Lycurgi</strong></span> <span class='ocrx_word' id='word_1_283' title='bbox 932 3019 1001 3087; x_wconf 87' lang='lat' dir='ltr'><strong>legi-</strong></span> 
     </span>
     <span class='ocr_line' id='line_1_38' title="bbox 159 3093 1001 3163; baseline 0.006 -17"><span class='ocrx_word' id='word_1_284' title='bbox 159 3094 212 3162; x_wconf 81' lang='lat' dir='ltr'><strong>bus</strong></span> <span class='ocrx_word' id='word_1_285' title='bbox 222 3101 250 3152; x_wconf 87' lang='lat' dir='ltr'><strong>et</strong></span> <span class='ocrx_word' id='word_1_286' title='bbox 260 3093 424 3163; x_wconf 88' lang='lat' dir='ltr'><strong>disciplinae</strong></span> <span class='ocrx_word' id='word_1_287' title='bbox 437 3094 599 3148; x_wconf 86' lang='lat' dir='ltr'><strong>conferendi</strong></span> <span class='ocrx_word' id='word_1_288' title='bbox 612 3105 684 3150; x_wconf 89' lang='lat' dir='ltr'><strong>suut.</strong></span> <span class='ocrx_word' id='word_1_289' title='bbox 717 3099 791 3163; x_wconf 82' lang='lat' dir='ltr'><strong>Quin</strong></span> <span class='ocrx_word' id='word_1_290' title='bbox 804 3098 890 3150; x_wconf 89' lang='lat' dir='ltr'><strong>etiam</strong></span> <span class='ocrx_word' id='word_1_291' title='bbox 902 3100 940 3150; x_wconf 92' lang='lat' dir='ltr'><strong>ob</strong></span> <span class='ocrx_word' id='word_1_292' title='bbox 950 3099 1001 3151; x_wconf 80' lang='lat' dir='ltr'><strong>llas</strong></span> 
     </span>
    </p>
   </div>
   <div class='ocr_carea' id='block_1_4' title="bbox 0 0 1147 3442">
    <p class='ocr_par' dir='ltr' id='par_1_5' title="bbox 0 0 1147 3442">
     <span class='ocr_line' id='line_1_39' title="bbox 0 0 1147 3442; baseline 0 0"><span class='ocrx_word' id='word_1_293' title='bbox 0 0 1147 3442; x_wconf 95' lang='lat' dir='ltr'><strong> </strong></span> 
     </span>
    </p>
   </div>
  </div>
 </body>
</html>
