<?xml version="1.0" encoding="UTF-8"?>
<!DOCTYPE html PUBLIC "-//W3C//DTD XHTML 1.0 Transitional//EN"
    "http://www.w3.org/TR/xhtml1/DTD/xhtml1-transitional.dtd">
<html xmlns="http://www.w3.org/1999/xhtml" xml:lang="en" lang="en">
 <head>
  <title>
</title>
<meta http-equiv="Content-Type" content="text/html;charset=utf-8" />
  <meta name='ocr-system' content='tesseract 3.04.00' />
  <meta name='ocr-capabilities' content='ocr_page ocr_carea ocr_par ocr_line ocrx_word'/>
</head>
<body>
  <div class='ocr_page' id='page_1' title='image "./mtulliiciceroni01longgoog_0180.png"; bbox 0 0 2256 3448; ppageno 0'>
   <div class='ocr_carea' id='block_1_1' title="bbox 302 69 1075 130">
    <p class='ocr_par' dir='ltr' id='par_1_1' title="bbox 302 69 1075 130">
     <span class='ocr_line' id='line_1_1' title="bbox 302 69 1075 130; baseline 0.001 -12"><span class='ocrx_word' id='word_1_1' title='bbox 302 69 371 119; x_wconf 87' lang='lat' dir='ltr'><strong>LIB.</strong></span> <span class='ocrx_word' id='word_1_2' title='bbox 388 70 451 130; x_wconf 70' lang='lat'>111„</span> <span class='ocrx_word' id='word_1_3' title='bbox 467 69 545 120; x_wconf 85' lang='lat' dir='ltr'>cAP.</span> <span class='ocrx_word' id='word_1_4' title='bbox 562 70 622 120; x_wconf 91' lang='lat' dir='ltr'>XV.</span> <span class='ocrx_word' id='word_1_5' title='bbox 626 71 740 126; x_wconf 89' lang='lat' dir='ltr'>—.‚XVII</span> <span class='ocrx_word' id='word_1_6' title='bbox 759 69 839 128; x_wconf 74' lang='lat'>§64</span> <span class='ocrx_word' id='word_1_7' title='bbox 841 74 880 120; x_wconf 82' lang='lat'>70</span> <span class='ocrx_word' id='word_1_8' title='bbox 961 75 1005 120; x_wconf 82' lang='lat'>171</span> <span class='ocrx_word' id='word_1_9' title='bbox 1072 73 1075 78; x_wconf 80' lang='grc'><strong>“</strong></span> 
     </span>
    </p>
   </div>
   <div class='ocr_carea' id='block_1_2' title="bbox 163 153 1054 3117">
    <p class='ocr_par' dir='ltr' id='par_1_2' title="bbox 163 153 1010 1198">
     <span class='ocr_line' id='line_1_2' title="bbox 169 153 1008 224; baseline 0.002 -19"><span class='ocrx_word' id='word_1_10' title='bbox 169 153 226 221; x_wconf 85' lang='lat' dir='ltr'>bat,</span> <span class='ocrx_word' id='word_1_11' title='bbox 237 153 253 182; x_wconf 89' lang='lat'><strong>“</strong></span> <span class='ocrx_word' id='word_1_12' title='bbox 262 154 341 220; x_wconf 89' lang='lat' dir='ltr'>quod</span> <span class='ocrx_word' id='word_1_13' title='bbox 353 153 417 205; x_wconf 88' lang='lat' dir='ltr'>vitii</span> <span class='ocrx_word' id='word_1_14' title='bbox 429 153 560 208; x_wconf 87' lang='lat' dir='ltr'>venditor</span> <span class='ocrx_word' id='word_1_15' title='bbox 574 170 630 206; x_wconf 89' lang='lat' dir='ltr'>non</span> <span class='ocrx_word' id='word_1_16' title='bbox 644 153 762 206; x_wconf 79' lang='lat' dir='ltr'>dixisset</span> <span class='ocrx_word' id='word_1_17' title='bbox 776 154 872 222; x_wconf 87' lang='lat' dir='ltr'>sciens,</span> <span class='ocrx_word' id='word_1_18' title='bbox 882 154 914 208; x_wconf 87' lang='lat' dir='ltr'>id</span> <span class='ocrx_word' id='word_1_19' title='bbox 929 171 1008 224; x_wconf 90' lang='lat' dir='ltr'>opor-</span> 
     </span>
     <span class='ocr_line' id='line_1_3' title="bbox 169 231 1007 302; baseline 0.004 -18"><span class='ocrx_word' id='word_1_20' title='bbox 169 234 226 284; x_wconf 87' lang='lat' dir='ltr'>tere</span> <span class='ocrx_word' id='word_1_21' title='bbox 252 236 343 301; x_wconf 89' lang='lat' dir='ltr'>praest</span> <span class='ocrx_word' id='word_1_22' title='bbox 345 231 410 300; x_wconf 80' lang='lat' dir='ltr'>ari‚&#39;’</span> <span class='ocrx_word' id='word_1_23' title='bbox 433 233 602 300; x_wconf 86' lang='lat' dir='ltr'>aequitatem</span> <span class='ocrx_word' id='word_1_24' title='bbox 625 233 773 301; x_wconf 88' lang='lat' dir='ltr'>Antonius,</span> <span class='ocrx_word' id='word_1_25' title='bbox 795 233 951 311; x_wconf 83' lang='lat' dir='ltr'>“quoniam</span> <span class='ocrx_word' id='word_1_26' title='bbox 977 235 1007 287; x_wconf 88' lang='lat' dir='ltr'>id</span> 
     </span>
     <span class='ocr_line' id='line_1_4' title="bbox 169 311 1009 381; baseline 0.005 -19"><span class='ocrx_word' id='word_1_27' title='bbox 169 313 271 364; x_wconf 89' lang='lat' dir='ltr'>vitium</span> <span class='ocrx_word' id='word_1_28' title='bbox 296 311 426 380; x_wconf 87' lang='lat' dir='ltr'>ignotum</span> <span class='ocrx_word' id='word_1_29' title='bbox 448 313 544 381; x_wconf 80' lang='lat' dir='ltr'>Sergio</span> <span class='ocrx_word' id='word_1_30' title='bbox 569 329 625 364; x_wconf 91' lang='lat' dir='ltr'>non</span> <span class='ocrx_word' id='word_1_31' title='bbox 646 311 752 381; x_wconf 87' lang='lat' dir='ltr'>fuisset,</span> <span class='ocrx_word' id='word_1_32' title='bbox 771 312 820 380; x_wconf 90' lang='lat' dir='ltr'>qui</span> <span class='ocrx_word' id='word_1_33' title='bbox 841 313 904 366; x_wconf 88' lang='lat' dir='ltr'>illas</span> <span class='ocrx_word' id='word_1_34' title='bbox 926 316 1009 368; x_wconf 88' lang='lat' dir='ltr'>aedes</span> 
     </span>
     <span class='ocr_line' id='line_1_5' title="bbox 169 392 1009 457; baseline 0.005 -12"><span class='ocrx_word' id='word_1_35' title='bbox 169 392 350 457; x_wconf 79' lang='lat' dir='ltr'>vendidisset,</span> <span class='ocrx_word' id='word_1_36' title='bbox 361 392 433 444; x_wconf 89' lang='lat' dir='ltr'>nihil</span> <span class='ocrx_word' id='word_1_37' title='bbox 446 392 529 445; x_wconf 84' lang='lat' dir='ltr'>fuisse</span> <span class='ocrx_word' id='word_1_38' title='bbox 543 409 653 445; x_wconf 86' lang='lat' dir='ltr'>necesse</span> <span class='ocrx_word' id='word_1_39' title='bbox 669 393 793 446; x_wconf 85' lang='lat' dir='ltr'>dicineo</span> <span class='ocrx_word' id='word_1_40' title='bbox 810 411 873 447; x_wconf 88' lang='lat' dir='ltr'>eurn</span> <span class='ocrx_word' id='word_1_41' title='bbox 890 412 948 448; x_wconf 87' lang='lat' dir='ltr'>essa</span> <span class='ocrx_word' id='word_1_42' title='bbox 963 396 1009 448; x_wconf 89' lang='lat' dir='ltr'>de-</span> 
     </span>
     <span class='ocr_line' id='line_1_6' title="bbox 171 472 1008 541; baseline 0.006 -17"><span class='ocrx_word' id='word_1_43' title='bbox 171 477 292 541; x_wconf 83' lang='lat' dir='ltr'>ceptum,</span> <span class='ocrx_word' id='word_1_44' title='bbox 307 472 355 540; x_wconf 91' lang='lat' dir='ltr'>qui</span> <span class='ocrx_word' id='word_1_45' title='bbox 374 472 412 539; x_wconf 89' lang='lat' dir='ltr'>id,</span> <span class='ocrx_word' id='word_1_46' title='bbox 427 475 503 540; x_wconf 85' lang='lat' dir='ltr'>quod</span> <span class='ocrx_word' id='word_1_47' title='bbox 516 477 626 540; x_wconf 84' lang='lat' dir='ltr'>emerat,</span> <span class='ocrx_word' id='word_1_48' title='bbox 640 489 696 540; x_wconf 90' lang='lat' dir='ltr'>quo</span> <span class='ocrx_word' id='word_1_49' title='bbox 714 473 773 525; x_wconf 88' lang='lat' dir='ltr'>iura</span> <span class='ocrx_word' id='word_1_50' title='bbox 792 480 863 528; x_wconf 87' lang='lat' dir='ltr'>esset</span> <span class='ocrx_word' id='word_1_51' title='bbox 877 479 1008 530; x_wconf 82' lang='lat' dir='ltr'>tene1·et.&#39;’</span> 
     </span>
     <span class='ocr_line' id='line_1_7' title="bbox 169 553 1009 625; baseline 0.004 -19"><span class='ocrx_word' id='word_1_52' title='bbox 169 556 211 606; x_wconf 85' lang='grc'>68.</span> <span class='ocrx_word' id='word_1_53' title='bbox 228 553 354 618; x_wconf 79' lang='lat' dir='ltr'><strong>Quorsus</strong></span> <span class='ocrx_word' id='word_1_54' title='bbox 373 553 460 606; x_wconf 69' lang='lat' dir='ltr'>haec?</span> <span class='ocrx_word' id='word_1_55' title='bbox 481 553 604 606; x_wconf 89' lang='lat' dir='ltr'>utillud</span> <span class='ocrx_word' id='word_1_56' title='bbox 623 553 778 623; x_wconf 83' lang='lat' dir='ltr'>intellegas,</span> <span class='ocrx_word' id='word_1_57' title='bbox 795 571 852 608; x_wconf 91' lang='lat' dir='ltr'>non</span> <span class='ocrx_word' id='word_1_58' title='bbox 873 557 1009 625; x_wconf 83' lang='lat' dir='ltr'>placuisse</span> 
     </span>
     <span class='ocr_line' id='line_1_8' title="bbox 169 631 1009 705; baseline 0.006 -21"><span class='ocrx_word' id='word_1_59' title='bbox 169 631 321 684; x_wconf 86' lang='lat' dir='ltr'>maioribus</span> <span class='ocrx_word' id='word_1_60' title='bbox 333 632 435 684; x_wconf 89' lang='lat' dir='ltr'>nostris</span> <span class='ocrx_word' id='word_1_61' title='bbox 448 638 561 688; x_wconf 86' lang='lat' dir='ltr'>astutos.</span> <span class='ocrx_word' id='word_1_62' title='bbox 598 635 689 688; x_wconf 91' lang='lat' dir='ltr'>XVII.</span> <span class='ocrx_word' id='word_1_63' title='bbox 707 634 762 686; x_wconf 80' lang='lat' dir='ltr'>Sed</span> <span class='ocrx_word' id='word_1_64' title='bbox 775 635 854 688; x_wconf 86' lang='lat' dir='ltr'>aliter</span> <span class='ocrx_word' id='word_1_65' title='bbox 867 637 951 705; x_wconf 84' lang='lat' dir='ltr'>leges,</span> <span class='ocrx_word' id='word_1_66' title='bbox 961 637 1009 689; x_wconf 90' lang='lat' dir='ltr'>ali-</span> 
     </span>
     <span class='ocr_line' id='line_1_9' title="bbox 169 712 1009 783; baseline 0.005 -19"><span class='ocrx_word' id='word_1_67' title='bbox 169 717 212 764; x_wconf 87' lang='lat' dir='ltr'>tor</span> <span class='ocrx_word' id='word_1_68' title='bbox 223 712 388 782; x_wconf 85' lang='lat' dir='ltr'>philosophi</span> <span class='ocrx_word' id='word_1_69' title='bbox 402 715 505 766; x_wconf 90' lang='lat' dir='ltr'>tollunt</span> <span class='ocrx_word' id='word_1_70' title='bbox 523 713 653 767; x_wconf 86' lang='lat' dir='ltr'>astutias:</span> <span class='ocrx_word' id='word_1_71' title='bbox 673 715 757 783; x_wconf 80' lang='lat' dir='ltr'>legeS,</span> <span class='ocrx_word' id='word_1_72' title='bbox 770 721 907 782; x_wconf 86' lang='lat' dir='ltr'>quatenus</span> <span class='ocrx_word' id='word_1_73' title='bbox 924 733 1009 769; x_wconf 87' lang='lat' dir='ltr'>manu</span> 
     </span>
     <span class='ocr_line' id='line_1_10' title="bbox 169 794 1009 863; baseline 0.006 -19"><span class='ocrx_word' id='word_1_74' title='bbox 169 797 262 846; x_wconf 87' lang='lat' dir='ltr'>tenera</span> <span class='ocrx_word' id='word_1_75' title='bbox 274 797 400 863; x_wconf 80' lang='lat' dir='ltr'>possunt,</span> <span class='ocrx_word' id='word_1_76' title='bbox 410 794 582 863; x_wconf 86' lang='lat' dir='ltr'>philosophi,</span> <span class='ocrx_word' id='word_1_77' title='bbox 593 800 730 862; x_wconf 88' lang='lat' dir='ltr'>quatenus</span> <span class='ocrx_word' id='word_1_78' title='bbox 742 796 849 848; x_wconf 89' lang='lat' dir='ltr'>ratione</span> <span class='ocrx_word' id='word_1_79' title='bbox 862 802 891 849; x_wconf 91' lang='lat' dir='ltr'>et</span> <span class='ocrx_word' id='word_1_80' title='bbox 902 797 1009 850; x_wconf 87' lang='lat' dir='ltr'>intelle-</span> 
     </span>
     <span class='ocr_line' id='line_1_11' title="bbox 169 873 1008 944; baseline 0.004 -18"><span class='ocrx_word' id='word_1_81' title='bbox 169 874 274 942; x_wconf 81' lang='lat' dir='ltr'>gentio.</span> <span class='ocrx_word' id='word_1_82' title='bbox 311 873 395 926; x_wconf 83' lang='lat' dir='ltr'>Ratio</span> <span class='ocrx_word' id='word_1_83' title='bbox 417 891 483 943; x_wconf 84' lang='lat' dir='ltr'>crgo</span> <span class='ocrx_word' id='word_1_84' title='bbox 503 875 557 927; x_wconf 89' lang='lat' dir='ltr'>hoe</span> <span class='ocrx_word' id='word_1_85' title='bbox 575 877 708 944; x_wconf 87' lang='lat' dir='ltr'>postulat,</span> <span class='ocrx_word' id='word_1_86' title='bbox 723 892 758 928; x_wconf 89' lang='lat' dir='ltr'>no</span> <span class='ocrx_word' id='word_1_87' title='bbox 777 877 847 944; x_wconf 85' lang='lat' dir='ltr'>quid</span> <span class='ocrx_word' id='word_1_88' title='bbox 866 877 1008 943; x_wconf 87' lang='lat' dir='ltr'>insidiose,</span> 
     </span>
     <span class='ocr_line' id='line_1_12' title="bbox 170 954 1010 1050; baseline 0.005 -45"><span class='ocrx_word' id='word_1_89' title='bbox 170 970 205 1006; x_wconf 90' lang='lat' dir='ltr'>ne</span> <span class='ocrx_word' id='word_1_90' title='bbox 225 954 296 1022; x_wconf 89' lang='lat' dir='ltr'>quid</span> <span class='ocrx_word' id='word_1_91' title='bbox 314 955 450 1023; x_wconf 87' lang='lat' dir='ltr'>simulate,</span> <span class='ocrx_word' id='word_1_92' title='bbox 469 972 504 1007; x_wconf 88' lang='lat' dir='ltr'>nc</span> <span class='ocrx_word' id='word_1_93' title='bbox 524 955 593 1024; x_wconf 87' lang='lat' dir='ltr'>quid</span> <span class='ocrx_word' id='word_1_94' title='bbox 612 955 756 1010; x_wconf 76' lang='lat' dir='ltr'>fallaciter.</span> <span class='ocrx_word' id='word_1_95' title='bbox 795 957 900 1010; x_wconf 78' lang='lat' dir='ltr'><strong>Suntne</strong></span> <span class='ocrx_word' id='word_1_96' title='bbox 921 958 1010 1050; x_wconf 83' lang='lat' dir='ltr'>igitur</span> 
     </span>
     <span class='ocr_line' id='line_1_13' title="bbox 170 1027 1009 1104; baseline 0.006 -19"><span class='ocrx_word' id='word_1_97' title='bbox 170 1034 288 1088; x_wconf 87' lang='lat' dir='ltr'>insidiae</span> <span class='ocrx_word' id='word_1_98' title='bbox 306 1037 420 1088; x_wconf 86' lang='lat' dir='ltr'>tendere</span> <span class='ocrx_word' id='word_1_99' title='bbox 438 1027 545 1104; x_wconf 81' lang='lat' dir='ltr'>plagas,</span> <span class='ocrx_word' id='word_1_100' title='bbox 561 1036 646 1088; x_wconf 88' lang='lat' dir='ltr'>etiam</span> <span class='ocrx_word' id='word_1_101' title='bbox 664 1038 688 1088; x_wconf 90' lang='lat' dir='ltr'>si</span> <span class='ocrx_word' id='word_1_102' title='bbox 707 1037 878 1090; x_wconf 80' lang='lat' dir='ltr'>excitaturus</span> <span class='ocrx_word' id='word_1_103' title='bbox 896 1055 954 1091; x_wconf 88' lang='lat' dir='ltr'>uon</span> <span class='ocrx_word' id='word_1_104' title='bbox 972 1038 1009 1091; x_wconf 86' lang='lat' dir='ltr'>sis</span> 
     </span>
     <span class='ocr_line' id='line_1_14' title="bbox 163 1115 1010 1198; baseline 0.005 -31"><span class='ocrx_word' id='word_1_105' title='bbox 163 1131 221 1198; x_wconf 27' lang='lat' dir='ltr'>,pec</span> <span class='ocrx_word' id='word_1_106' title='bbox 248 1115 337 1184; x_wconf 85' lang='lat' dir='ltr'>agitat</span> <span class='ocrx_word' id='word_1_107' title='bbox 296 1115 457 1169; x_wconf 82' lang='lat' dir='ltr'>tat&#39;urusl</span> <span class='ocrx_word' id='word_1_108' title='bbox 449 1132 528 1184; x_wconf 79' lang='lat' dir='ltr'>ipsae</span> <span class='ocrx_word' id='word_1_109' title='bbox 552 1117 627 1169; x_wconf 90' lang='lat' dir='ltr'>eninr</span> <span class='ocrx_word' id='word_1_110' title='bbox 647 1116 721 1169; x_wconf 88' lang='lat' dir='ltr'>ferae</span> <span class='ocrx_word' id='word_1_111' title='bbox 744 1118 855 1170; x_wconf 88' lang='lat' dir='ltr'>nullo</span> <span class='ocrx_word' id='word_1_112' title='bbox 846 1125 1010 1186; x_wconf 85' lang='lat' dir='ltr'>rusequente</span> 
     </span>
    </p>

    <p class='ocr_par' dir='ltr' id='par_1_3' title="bbox 164 1195 1054 3117">
     <span class='ocr_line' id='line_1_15' title="bbox 169 1195 1010 1287; baseline 0.004 -40"><span class='ocrx_word' id='word_1_113' title='bbox 169 1213 252 1266; x_wconf 85' lang='lat' dir='ltr'>saepe</span> <span class='ocrx_word' id='word_1_114' title='bbox 278 1195 418 1250; x_wconf 89' lang='lat' dir='ltr'>incidunt</span> <span class='ocrx_word' id='word_1_115' title='bbox 458 1197 504 1249; x_wconf 82' lang='lat' dir='ltr'>Sic</span> <span class='ocrx_word' id='word_1_116' title='bbox 528 1202 559 1249; x_wconf 90' lang='lat' dir='ltr'>tu</span> <span class='ocrx_word' id='word_1_117' title='bbox 589 1198 671 1250; x_wconf 85' lang='lat' dir='ltr'>aedes</span> <span class='ocrx_word' id='word_1_118' title='bbox 697 1197 862 1287; x_wconf 37' lang='lat' dir='ltr'>prffloscribaa</span> <span class='ocrx_word' id='word_1_119' title='bbox 884 1200 1010 1251; x_wconf 84' lang='lat' dir='ltr'>tabulam</span> 
     </span>
     <span class='ocr_line' id='line_1_16' title="bbox 169 1276 1009 1346; baseline 0.002 -18"><span class='ocrx_word' id='word_1_120' title='bbox 169 1280 312 1343; x_wconf 82' lang='lat' dir='ltr'><strong>tamquam</strong></span> <span class='ocrx_word' id='word_1_121' title='bbox 325 1277 440 1345; x_wconf 83' lang='lat' dir='ltr'>plagam</span> <span class='ocrx_word' id='word_1_122' title='bbox 452 1292 548 1346; x_wconf 84' lang='lat' dir='ltr'>ponas,</span> <span class='ocrx_word' id='word_1_123' title='bbox 559 1276 674 1328; x_wconf 92' lang='lat' dir='ltr'>domum</span> <span class='ocrx_word' id='word_1_124' title='bbox 688 1277 772 1346; x_wconf 90' lang='lat' dir='ltr'>pro&#39;pt</span> <span class='ocrx_word' id='word_1_125' title='bbox 773 1293 802 1329; x_wconf 91' lang='lat' dir='ltr'>er</span> <span class='ocrx_word' id='word_1_126' title='bbox 814 1277 885 1330; x_wconf 91' lang='lat' dir='ltr'>vitia</span> <span class='ocrx_word' id='word_1_127' title='bbox 896 1278 1009 1344; x_wconf 85' lang='lat' dir='ltr'>vendas,</span> 
     </span>
     <span class='ocr_line' id='line_1_17' title="bbox 169 1355 1010 1425; baseline 0 -17"><span class='ocrx_word' id='word_1_128' title='bbox 169 1355 200 1408; x_wconf 89' lang='lat' dir='ltr'>in</span> <span class='ocrx_word' id='word_1_129' title='bbox 218 1372 280 1408; x_wconf 88' lang='lat' dir='ltr'>earn</span> <span class='ocrx_word' id='word_1_130' title='bbox 299 1357 400 1424; x_wconf 88' lang='lat' dir='ltr'>aliquis</span> <span class='ocrx_word' id='word_1_131' title='bbox 418 1357 542 1409; x_wconf 83' lang='lat' dir='ltr'>incurrat</span> <span class='ocrx_word' id='word_1_132' title='bbox 556 1356 738 1425; x_wconf 66' lang='lat' dir='ltr'>imprudens?</span> <span class='ocrx_word' id='word_1_133' title='bbox 775 1359 817 1408; x_wconf 83' lang='lat'>69.</span> <span class='ocrx_word' id='word_1_134' title='bbox 837 1359 900 1409; x_wconf 91' lang='lat' dir='ltr'>Hoc</span> <span class='ocrx_word' id='word_1_135' title='bbox 915 1373 1010 1425; x_wconf 91' lang='lat' dir='ltr'>quam-</span> 
     </span>
     <span class='ocr_line' id='line_1_18' title="bbox 169 1435 1054 1528; baseline 0.002 -40"><span class='ocrx_word' id='word_1_136' title='bbox 169 1453 256 1504; x_wconf 88' lang='lat' dir='ltr'>quam</span> <span class='ocrx_word' id='word_1_137' title='bbox 267 1435 352 1495; x_wconf 85' lang='lat' dir='ltr'>video</span> <span class='ocrx_word' id='word_1_138' title='bbox 367 1441 481 1506; x_wconf 90' lang='lat' dir='ltr'>propter</span> <span class='ocrx_word' id='word_1_139' title='bbox 496 1437 723 1506; x_wconf 83' lang='lat' dir='ltr'>depravationem</span> <span class='ocrx_word' id='word_1_140' title='bbox 742 1436 951 1528; x_wconf 85' lang='lat' dir='ltr'>consuetudinis</span> <span class='ocrx_word' id='word_1_141' title='bbox 964 1453 1010 1490; x_wconf 86' lang='lat' dir='ltr'>ne·</span> <span class='ocrx_word' id='word_1_142' title='bbox 1050 1489 1054 1496; x_wconf 80' lang='grc'>,</span> 
     </span>
     <span class='ocr_line' id='line_1_19' title="bbox 170 1516 1010 1586; baseline 0 -18"><span class='ocrx_word' id='word_1_143' title='bbox 170 1533 224 1585; x_wconf 86' lang='lat' dir='ltr'>quc</span> <span class='ocrx_word' id='word_1_144' title='bbox 236 1533 313 1568; x_wconf 89' lang='lat' dir='ltr'>more</span> <span class='ocrx_word' id='word_1_145' title='bbox 325 1521 407 1586; x_wconf 88' lang='lat' dir='ltr'>turpe</span> <span class='ocrx_word' id='word_1_146' title='bbox 420 1517 517 1569; x_wconf 80' lang='lat' dir='ltr'>haberi</span> <span class='ocrx_word' id='word_1_147' title='bbox 531 1533 623 1584; x_wconf 87' lang='lat' dir='ltr'>neque</span> <span class='ocrx_word' id='word_1_148' title='bbox 636 1523 685 1570; x_wconf 87' lang='lat' dir='ltr'>aut</span> <span class='ocrx_word' id='word_1_149' title='bbox 698 1519 759 1586; x_wconf 81' lang='lat' dir='ltr'>lege</span> <span class='ocrx_word' id='word_1_150' title='bbox 774 1516 875 1569; x_wconf 83' lang='lat' dir='ltr'>sanciri</span> <span class='ocrx_word' id='word_1_151' title='bbox 889 1517 958 1569; x_wconf 88' lang='lat' dir='ltr'>aut</span> <span class='ocrx_word' id='word_1_152' title='bbox 950 1533 1010 1569; x_wconf 84' lang='lat' dir='ltr'>nuc</span> 
     </span>
     <span class='ocr_line' id='line_1_20' title="bbox 170 1595 1011 1666; baseline 0 -17"><span class='ocrx_word' id='word_1_153' title='bbox 170 1595 256 1663; x_wconf 88' lang='lat' dir='ltr'>civili,</span> <span class='ocrx_word' id='word_1_154' title='bbox 272 1601 367 1649; x_wconf 86' lang='lat' dir='ltr'>tamen</span> <span class='ocrx_word' id='word_1_155' title='bbox 385 1603 499 1650; x_wconf 84' lang='lat' dir='ltr'>naturae</span> <span class='ocrx_word' id='word_1_156' title='bbox 513 1599 575 1666; x_wconf 86' lang='lat' dir='ltr'>lege</span> <span class='ocrx_word' id='word_1_157' title='bbox 595 1603 722 1650; x_wconf 89' lang='lat' dir='ltr'>sanctum</span> <span class='ocrx_word' id='word_1_158' title='bbox 740 1603 789 1652; x_wconf 89' lang='lat' dir='ltr'>est.</span> <span class='ocrx_word' id='word_1_159' title='bbox 828 1597 951 1650; x_wconf 83' lang='lat' dir='ltr'>Societas</span> <span class='ocrx_word' id='word_1_160' title='bbox 969 1605 1011 1650; x_wconf 90' lang='lat' dir='ltr'>est</span> 
     </span>
     <span class='ocr_line' id='line_1_21' title="bbox 170 1677 1011 1747; baseline -0.001 -18"><span class='ocrx_word' id='word_1_161' title='bbox 170 1667 422 1746; x_wconf 87' lang='lat' dir='ltr'>onim-quodetsi</span> <span class='ocrx_word' id='word_1_162' title='bbox 431 1694 512 1747; x_wconf 89' lang='lat' dir='ltr'>saepe</span> <span class='ocrx_word' id='word_1_163' title='bbox 523 1677 631 1730; x_wconf 88' lang='lat' dir='ltr'>dictum</span> <span class='ocrx_word' id='word_1_164' title='bbox 641 1683 690 1746; x_wconf 83' lang='lat' dir='ltr'>est,</span> <span class='ocrx_word' id='word_1_165' title='bbox 698 1677 851 1730; x_wconf 88' lang='lat' dir='ltr'>dicendum</span> <span class='ocrx_word' id='word_1_166' title='bbox 863 1682 1011 1730; x_wconf 86' lang='lat' dir='ltr'>esttamen</span> 
     </span>
     <span class='ocr_line' id='line_1_22' title="bbox 169 1757 1011 1828; baseline -0.001 -18"><span class='ocrx_word' id='word_1_167' title='bbox 169 1757 451 1827; x_wconf 46' lang='lat' dir='ltr'>saepiusvlatissime</span> <span class='ocrx_word' id='word_1_168' title='bbox 467 1757 582 1824; x_wconf 87' lang='lat' dir='ltr'>quidem</span> <span class='ocrx_word' id='word_1_169' title='bbox 596 1774 668 1827; x_wconf 88' lang='lat' dir='ltr'>quae</span> <span class='ocrx_word' id='word_1_170' title='bbox 683 1763 785 1828; x_wconf 85' lang='lat' dir='ltr'>pateat,</span> <span class='ocrx_word' id='word_1_171' title='bbox 800 1757 924 1812; x_wconf 88' lang='lat' dir='ltr'>omnium</span> <span class='ocrx_word' id='word_1_172' title='bbox 939 1758 1011 1810; x_wconf 89' lang='lat' dir='ltr'>inter</span> 
     </span>
     <span class='ocr_line' id='line_1_23' title="bbox 170 1836 1012 1908; baseline -0.001 -18"><span class='ocrx_word' id='word_1_173' title='bbox 170 1854 274 1906; x_wconf 81' lang='lat' dir='ltr'>omnes,</span> <span class='ocrx_word' id='word_1_174' title='bbox 285 1836 400 1889; x_wconf 84' lang='lat' dir='ltr'>interior</span> <span class='ocrx_word' id='word_1_175' title='bbox 412 1853 515 1905; x_wconf 85' lang='lat' dir='ltr'>eorum,</span> <span class='ocrx_word' id='word_1_176' title='bbox 523 1837 572 1904; x_wconf 92' lang='lat' dir='ltr'>qui</span> <span class='ocrx_word' id='word_1_177' title='bbox 583 1837 708 1890; x_wconf 89' lang='lat' dir='ltr'>eiusdem</span> <span class='ocrx_word' id='word_1_178' title='bbox 721 1837 813 1907; x_wconf 82' lang='lat' dir='ltr'>gentis</span> <span class='ocrx_word' id='word_1_179' title='bbox 826 1838 889 1907; x_wconf 88' lang='lat' dir='ltr'>sint,</span> <span class='ocrx_word' id='word_1_180' title='bbox 897 1838 1012 1908; x_wconf 88' lang='lat' dir='ltr'>propior</span> 
     </span>
     <span class='ocr_line' id='line_1_24' title="bbox 170 1917 1009 1996; baseline 0 -26"><span class='ocrx_word' id='word_1_181' title='bbox 170 1935 275 1986; x_wconf 82' lang='lat' dir='ltr'>eorum,</span> <span class='ocrx_word' id='word_1_182' title='bbox 290 1917 340 1986; x_wconf 90' lang='lat' dir='ltr'>qui</span> <span class='ocrx_word' id='word_1_183' title='bbox 361 1917 487 1996; x_wconf 71' lang='lat' dir='ltr'>eiusdem</span> <span class='ocrx_word' id='word_1_184' title='bbox 508 1917 639 1972; x_wconf 84' lang='lat' dir='ltr'>civitatis.</span> <span class='ocrx_word' id='word_1_185' title='bbox 676 1920 774 1988; x_wconf 88' lang='lat' dir='ltr'>Itaque</span> <span class='ocrx_word' id='word_1_186' title='bbox 796 1919 913 1972; x_wconf 88' lang='lat' dir='ltr'>maiores</span> <span class='ocrx_word' id='word_1_187' title='bbox 934 1919 1009 1971; x_wconf 89' lang='lat' dir='ltr'>aliud</span> 
     </span>
     <span class='ocr_line' id='line_1_25' title="bbox 170 1997 1011 2068; baseline 0 -18"><span class='ocrx_word' id='word_1_188' title='bbox 170 1999 214 2052; x_wconf 87' lang='lat' dir='ltr'>ius</span> <span class='ocrx_word' id='word_1_189' title='bbox 235 1997 369 2068; x_wconf 82' lang='lat' dir='ltr'>gentium,</span> <span class='ocrx_word' id='word_1_190' title='bbox 389 1997 468 2050; x_wconf 84' lang='lat' dir='ltr'>aliud</span> <span class='ocrx_word' id='word_1_191' title='bbox 488 1997 532 2052; x_wconf 90' lang='lat' dir='ltr'>ius</span> <span class='ocrx_word' id='word_1_192' title='bbox 554 1999 636 2052; x_wconf 89' lang='lat' dir='ltr'>civile</span> <span class='ocrx_word' id='word_1_193' title='bbox 658 2015 716 2052; x_wconf 88' lang='lat' dir='ltr'>esse</span> <span class='ocrx_word' id='word_1_194' title='bbox 734 2001 891 2052; x_wconf 88' lang='lat' dir='ltr'>voluerunt.</span> <span class='ocrx_word' id='word_1_195' title='bbox 929 1999 1011 2065; x_wconf 88' lang='lat' dir='ltr'>Quod</span> 
     </span>
     <span class='ocr_line' id='line_1_26' title="bbox 164 2078 1011 2148; baseline -0.002 -16"><span class='ocrx_word' id='word_1_196' title='bbox 164 2079 262 2148; x_wconf 75' lang='lat' dir='ltr'>civile,</span> <span class='ocrx_word' id='word_1_197' title='bbox 275 2095 333 2131; x_wconf 90' lang='lat' dir='ltr'>non</span> <span class='ocrx_word' id='word_1_198' title='bbox 349 2078 426 2131; x_wconf 88' lang='lat' dir='ltr'>idem</span> <span class='ocrx_word' id='word_1_199' title='bbox 444 2079 577 2132; x_wconf 89' lang='lat' dir='ltr'>continuo</span> <span class='ocrx_word' id='word_1_200' title='bbox 594 2079 728 2148; x_wconf 83' lang='lat' dir='ltr'>gentium,</span> <span class='ocrx_word' id='word_1_201' title='bbox 742 2079 819 2146; x_wconf 89' lang='lat' dir='ltr'>quod</span> <span class='ocrx_word' id='word_1_202' title='bbox 834 2083 928 2142; x_wconf 87' lang='lat' dir='ltr'>autern</span> <span class='ocrx_word' id='word_1_203' title='bbox 946 2095 1011 2148; x_wconf 87' lang='lat' dir='ltr'>gen-</span> 
     </span>
     <span class='ocr_line' id='line_1_27' title="bbox 170 2157 1011 2228; baseline -0.005 -16"><span class='ocrx_word' id='word_1_204' title='bbox 170 2161 250 2228; x_wconf 89' lang='lat' dir='ltr'>tium,</span> <span class='ocrx_word' id='word_1_205' title='bbox 263 2159 340 2212; x_wconf 89' lang='lat' dir='ltr'>idem</span> <span class='ocrx_word' id='word_1_206' title='bbox 355 2159 438 2213; x_wconf 83' lang='lat' dir='ltr'>civile</span> <span class='ocrx_word' id='word_1_207' title='bbox 452 2175 511 2212; x_wconf 85' lang='lat' dir='ltr'>csse</span> <span class='ocrx_word' id='word_1_208' title='bbox 527 2160 619 2213; x_wconf 88' lang='lat' dir='ltr'>debet.</span> <span class='ocrx_word' id='word_1_209' title='bbox 657 2159 713 2212; x_wconf 83' lang='lat' dir='ltr'>Sed</span> <span class='ocrx_word' id='word_1_210' title='bbox 727 2175 778 2210; x_wconf 90' lang='lat' dir='ltr'>nos</span> <span class='ocrx_word' id='word_1_211' title='bbox 792 2157 853 2210; x_wconf 85' lang='lat' dir='ltr'>veri</span> <span class='ocrx_word' id='word_1_212' title='bbox 868 2157 937 2210; x_wconf 91' lang='lat' dir='ltr'>iuris</span> <span class='ocrx_word' id='word_1_213' title='bbox 951 2174 1011 2226; x_wconf 87' lang='lat' dir='ltr'>ger-</span> 
     </span>
     <span class='ocr_line' id='line_1_28' title="bbox 171 2237 1012 2308; baseline -0.005 -16"><span class='ocrx_word' id='word_1_214' title='bbox 171 2256 324 2308; x_wconf 86' lang='lat' dir='ltr'>manaeque</span> <span class='ocrx_word' id='word_1_215' title='bbox 336 2239 459 2292; x_wconf 86' lang='lat' dir='ltr'>iustitiae</span> <span class='ocrx_word' id='word_1_216' title='bbox 475 2239 595 2292; x_wconf 90' lang='lat' dir='ltr'>solidam</span> <span class='ocrx_word' id='word_1_217' title='bbox 610 2244 638 2291; x_wconf 91' lang='lat' dir='ltr'>et</span> <span class='ocrx_word' id='word_1_218' title='bbox 649 2254 806 2306; x_wconf 87' lang='lat' dir='ltr'>expressam</span> <span class='ocrx_word' id='word_1_219' title='bbox 818 2237 939 2306; x_wconf 82' lang='lat' dir='ltr'>effigiem</span> <span class='ocrx_word' id='word_1_220' title='bbox 951 2238 1012 2289; x_wconf 90' lang='lat' dir='ltr'>nul-</span> 
     </span>
     <span class='ocr_line' id='line_1_29' title="bbox 171 2317 1012 2388; baseline -0.005 -16"><span class='ocrx_word' id='word_1_221' title='bbox 171 2321 227 2373; x_wconf 88' lang='lat' dir='ltr'>lam</span> <span class='ocrx_word' id='word_1_222' title='bbox 240 2327 373 2388; x_wconf 83' lang='lat' dir='ltr'>tenemus,</span> <span class='ocrx_word' id='word_1_223' title='bbox 386 2320 485 2372; x_wconf 85' lang='lat' dir='ltr'>umbra</span> <span class='ocrx_word' id='word_1_224' title='bbox 499 2323 528 2371; x_wconf 91' lang='lat' dir='ltr'>et</span> <span class='ocrx_word' id='word_1_225' title='bbox 539 2317 710 2386; x_wconf 86' lang='lat' dir='ltr'>imaginibus</span> <span class='ocrx_word' id='word_1_226' title='bbox 722 2317 833 2370; x_wconf 89' lang='lat' dir='ltr'>utimur.</span> <span class='ocrx_word' id='word_1_227' title='bbox 870 2318 925 2370; x_wconf 79' lang='lat' dir='ltr'>Eas</span> <span class='ocrx_word' id='word_1_228' title='bbox 937 2317 1012 2386; x_wconf 90' lang='lat' dir='ltr'>ipsas</span> 
     </span>
     <span class='ocr_line' id='line_1_30' title="bbox 171 2397 1012 2467; baseline -0.005 -15"><span class='ocrx_word' id='word_1_229' title='bbox 171 2401 278 2453; x_wconf 84' lang='lat' dir='ltr'>utinam</span> <span class='ocrx_word' id='word_1_230' title='bbox 290 2401 480 2467; x_wconf 87' lang='lat' dir='ltr'>sequeremurl</span> <span class='ocrx_word' id='word_1_231' title='bbox 496 2398 623 2450; x_wconf 83' lang='lat' dir='ltr'>feruntur</span> <span class='ocrx_word' id='word_1_232' title='bbox 635 2397 709 2450; x_wconf 87' lang='lat' dir='ltr'>enirn</span> <span class='ocrx_word' id='word_1_233' title='bbox 722 2414 757 2450; x_wconf 83' lang='lat' dir='ltr'>ex</span> <span class='ocrx_word' id='word_1_234' title='bbox 770 2397 885 2466; x_wconf 86' lang='lat' dir='ltr'>optimis</span> <span class='ocrx_word' id='word_1_235' title='bbox 898 2401 1012 2450; x_wconf 84' lang='lat' dir='ltr'>naturae</span> 
     </span>
     <span class='ocr_line' id='line_1_31' title="bbox 171 2477 1012 2548; baseline -0.004 -16"><span class='ocrx_word' id='word_1_236' title='bbox 171 2487 200 2532; x_wconf 90' lang='lat' dir='ltr'>ct</span> <span class='ocrx_word' id='word_1_237' title='bbox 211 2480 337 2534; x_wconf 82' lang='lat' dir='ltr'>veritatis</span> <span class='ocrx_word' id='word_1_238' title='bbox 350 2479 493 2548; x_wconf 86' lang='lat' dir='ltr'>exemplis.</span> <span class='ocrx_word' id='word_1_239' title='bbox 531 2481 573 2532; x_wconf 77' lang='lat'>70.</span> <span class='ocrx_word' id='word_1_240' title='bbox 591 2480 665 2532; x_wconf 89' lang='lat' dir='ltr'>Nam</span> <span class='ocrx_word' id='word_1_241' title='bbox 677 2478 775 2546; x_wconf 88' lang='lat' dir='ltr'>quanti</span> <span class='ocrx_word' id='word_1_242' title='bbox 784 2479 869 2531; x_wconf 87' lang='lat' dir='ltr'>verba</span> <span class='ocrx_word' id='word_1_243' title='bbox 882 2477 945 2531; x_wconf 87' lang='lat' dir='ltr'>illa:</span> <span class='ocrx_word' id='word_1_244' title='bbox 961 2493 1012 2530; x_wconf 82' lang='lat' dir='ltr'>uur</span> 
     </span>
     <span class='ocr_line' id='line_1_32' title="bbox 171 2561 1012 2614; baseline -0.002 -2"><span class='ocrx_word' id='word_1_245' title='bbox 171 2576 211 2613; x_wconf 78' lang='lat' dir='ltr'>run</span> <span class='ocrx_word' id='word_1_246' title='bbox 224 2575 360 2614; x_wconf 77' lang='lat' dir='ltr'>Pnorrnn</span> <span class='ocrx_word' id='word_1_247' title='bbox 376 2575 412 2612; x_wconf 81' lang='lat' dir='ltr'>nu</span> <span class='ocrx_word' id='word_1_248' title='bbox 428 2575 561 2613; x_wconf 75' lang='lat' dir='ltr'>mannan</span> <span class='ocrx_word' id='word_1_249' title='bbox 577 2573 660 2612; x_wconf 71' lang='lat' dir='ltr'>nuru</span> <span class='ocrx_word' id='word_1_250' title='bbox 672 2573 781 2612; x_wconf 76' lang='lat' dir='ltr'>carrus</span> <span class='ocrx_word' id='word_1_251' title='bbox 796 2561 1012 2612; x_wconf 70' lang='lat' dir='ltr'>annonarusvn</span> 
     </span>
     <span class='ocr_line' id='line_1_33' title="bbox 172 2639 1012 2710; baseline -0.004 -17"><span class='ocrx_word' id='word_1_252' title='bbox 172 2644 237 2695; x_wconf 81' lang='lat' dir='ltr'>s1nl</span> <span class='ocrx_word' id='word_1_253' title='bbox 257 2658 342 2710; x_wconf 90' lang='lat' dir='ltr'>quam</span> <span class='ocrx_word' id='word_1_254' title='bbox 359 2639 409 2693; x_wconf 92' lang='lat' dir='ltr'>illa</span> <span class='ocrx_word' id='word_1_255' title='bbox 427 2656 525 2694; x_wconf 88' lang='lat' dir='ltr'>aurea:</span> <span class='ocrx_word' id='word_1_256' title='bbox 544 2655 583 2693; x_wconf 82' lang='lat' dir='ltr'>ur</span> <span class='ocrx_word' id='word_1_257' title='bbox 601 2653 693 2692; x_wconf 76' lang='lat' dir='ltr'>muna</span> <span class='ocrx_word' id='word_1_258' title='bbox 710 2653 804 2692; x_wconf 81' lang='lat' dir='ltr'>nouos</span> <span class='ocrx_word' id='word_1_259' title='bbox 822 2655 901 2692; x_wconf 75' lang='lat' dir='ltr'>anun</span> <span class='ocrx_word' id='word_1_260' title='bbox 920 2654 1012 2692; x_wconf 76' lang='lat' dir='ltr'>aaran</span> 
     </span>
     <span class='ocr_line' id='line_1_34' title="bbox 171 2719 1011 2787; baseline -0.005 -12"><span class='ocrx_word' id='word_1_261' title='bbox 171 2737 304 2775; x_wconf 76' lang='lat' dir='ltr'>oronnae</span> <span class='ocrx_word' id='word_1_262' title='bbox 316 2737 354 2773; x_wconf 82' lang='lat' dir='ltr'>nu</span> <span class='ocrx_word' id='word_1_263' title='bbox 367 2736 458 2772; x_wconf 80' lang='lat' dir='ltr'>suun</span> <span class='ocrx_word' id='word_1_264' title='bbox 444 2722 671 2773; x_wconf 78' lang='lat' dir='ltr'>naannanoanl</span> <span class='ocrx_word' id='word_1_265' title='bbox 710 2720 765 2772; x_wconf 84' lang='lat' dir='ltr'>Sed</span> <span class='ocrx_word' id='word_1_266' title='bbox 776 2720 824 2787; x_wconf 90' lang='lat' dir='ltr'>qui</span> <span class='ocrx_word' id='word_1_267' title='bbox 838 2721 895 2772; x_wconf 89' lang='lat' dir='ltr'>sint</span> <span class='ocrx_word' id='word_1_268' title='bbox 903 2719 1011 2772; x_wconf 83' lang='lat' dir='ltr'>“boni&#39;&#39;</span> 
     </span>
     <span class='ocr_line' id='line_1_35' title="bbox 172 2796 1012 2870; baseline -0.005 -15.916"><span class='ocrx_word' id='word_1_269' title='bbox 172 2796 338 2870; x_wconf 86' lang='lat' dir='ltr'>etquidsit</span> <span class='ocrx_word' id='word_1_270' title='bbox 328 2801 447 2854; x_wconf 87' lang='lat' dir='ltr'>t“bcuc</span> <span class='ocrx_word' id='word_1_271' title='bbox 467 2800 536 2870; x_wconf 81' lang='lat' dir='ltr'>agi”</span> <span class='ocrx_word' id='word_1_272' title='bbox 553 2817 656 2869; x_wconf 85' lang='lat' dir='ltr'>magna</span> <span class='ocrx_word' id='word_1_273' title='bbox 675 2801 800 2868; x_wconf 84' lang='lat' dir='ltr'>quaestio</span> <span class='ocrx_word' id='word_1_274' title='bbox 819 2807 868 2855; x_wconf 89' lang='lat' dir='ltr'>cst.</span> <span class='ocrx_word' id='word_1_275' title='bbox 907 2802 939 2866; x_wconf 94' lang='lat' dir='ltr'><strong>Q</strong></span> <span class='ocrx_word' id='word_1_276' title='bbox 954 2799 1012 2867; x_wconf 92' lang='lat' dir='ltr'>qui-</span> 
     </span>
     <span class='ocr_line' id='line_1_36' title="bbox 172 2869 1012 2950; baseline -0.005 -14.957"><span class='ocrx_word' id='word_1_277' title='bbox 172 2885 237 2936; x_wconf 82' lang='lat' dir='ltr'>dem</span> <span class='ocrx_word' id='word_1_278' title='bbox 257 2883 397 2949; x_wconf 82' lang='lat' dir='ltr'>Scaevola,</span> <span class='ocrx_word' id='word_1_279' title='bbox 412 2869 541 2950; x_wconf 79' lang='lat' dir='ltr'>pontifex</span> <span class='ocrx_word' id='word_1_280' title='bbox 561 2879 707 2946; x_wconf 85' lang='lat' dir='ltr'>maximus,</span> <span class='ocrx_word' id='word_1_281' title='bbox 723 2897 859 2934; x_wconf 87' lang='lat' dir='ltr'>summam</span> <span class='ocrx_word' id='word_1_282' title='bbox 877 2879 935 2934; x_wconf 87' lang='lat' dir='ltr'>vim</span> <span class='ocrx_word' id='word_1_283' title='bbox 955 2895 1012 2931; x_wconf 88' lang='lat' dir='ltr'>esse</span> 
     </span>
     <span class='ocr_line' id='line_1_37' title="bbox 172 2960 1011 3030; baseline -0.008 -14"><span class='ocrx_word' id='word_1_284' title='bbox 172 2963 306 3016; x_wconf 88' lang='lat' dir='ltr'>dicebat</span> <span class='ocrx_word' id='word_1_285' title='bbox 298 2981 328 3015; x_wconf 87' lang='grc' dir='ltr'>ιιι</span> <span class='ocrx_word' id='word_1_286' title='bbox 349 2961 528 3014; x_wconf 82' lang='lat' dir='ltr'>omnibus··11s</span> <span class='ocrx_word' id='word_1_287' title='bbox 543 2960 637 3014; x_wconf 86' lang='lat' dir='ltr'>arbit</span> <span class='ocrx_word' id='word_1_288' title='bbox 605 2960 672 3026; x_wconf 82' lang='lat' dir='ltr'>tuis,</span> <span class='ocrx_word' id='word_1_289' title='bbox 685 2960 715 3012; x_wconf 86' lang='lat' dir='ltr'>in</span> <span class='ocrx_word' id='word_1_290' title='bbox 731 2961 832 3030; x_wconf 90' lang='lat' dir='ltr'>quibus</span> <span class='ocrx_word' id='word_1_291' title='bbox 847 2961 1011 3012; x_wconf 85' lang='lat' dir='ltr'>adderetur:</span> 
     </span>
     <span class='ocr_line' id='line_1_38' title="bbox 171 3037 1012 3117; baseline -0.005 -20"><span class='ocrx_word' id='word_1_292' title='bbox 171 3058 213 3117; x_wconf 81' lang='lat' dir='ltr'>nu¹</span> <span class='ocrx_word' id='word_1_293' title='bbox 229 3058 299 3096; x_wconf 80' lang='lat' dir='ltr'>urna</span> <span class='ocrx_word' id='word_1_294' title='bbox 319 3056 406 3110; x_wconf 76' lang='lat' dir='ltr'>nonu,</span> <span class='ocrx_word' id='word_1_295' title='bbox 420 3045 435 3070; x_wconf 85' lang='grc'>“</span> <span class='ocrx_word' id='word_1_296' title='bbox 443 3040 566 3110; x_wconf 87' lang='lat' dir='ltr'>fideique</span> <span class='ocrx_word' id='word_1_297' title='bbox 585 3041 698 3094; x_wconf 85' lang='lat' dir='ltr'>bouuo”</span> <span class='ocrx_word' id='word_1_298' title='bbox 714 3057 815 3093; x_wconf 89' lang='lat' dir='ltr'>nomeu</span> <span class='ocrx_word' id='word_1_299' title='bbox 834 3037 1012 3093; x_wconf 83' lang='lat' dir='ltr'>existimabat</span> 
     </span>
    </p>
   </div>
   <div class='ocr_carea' id='block_1_3' title="bbox 0 0 1136 3448">
    <p class='ocr_par' dir='ltr' id='par_1_4' title="bbox 0 0 1136 3448">
     <span class='ocr_line' id='line_1_39' title="bbox 0 0 1136 3448; baseline 0 0"><span class='ocrx_word' id='word_1_300' title='bbox 0 0 1136 3448; x_wconf 95' lang='lat' dir='ltr'> </span> 
     </span>
    </p>
   </div>
  </div>
 </body>
</html>
