2272 3442
308 149 378 200 rna.
394 151 428 213 1.‚
443 151 521 201 oar.
535 151 583 200 vr.
599 149 802 213 V1[.‚§18-2t.
945 153 977 200 es

136 235 194 284 tem
208 232 321 302 privata
335 235 414 287 nulla
426 239 533 302 natura,
547 225 597 286 sed
612 239 661 287 aut
676 238 769 288 vetere
785 233 977 303 occupatione,

136 317 169 364 ut
188 312 238 379 qui
256 315 400 380 quondam
418 314 449 366 iu
469 330 559 367 vacua
576 318 721 380 venerunt,
738 319 787 366 aut
804 313 930 380 victoria,
945 319 979 364 ut

136 391 187 458 qui
209 391 283 445 bello
294 393 389 461 'potiti
411 398 482 461 sunt,
501 399 549 446 aut
564 396 635 462 lege,
650 395 787 463 pactione,
803 393 977 460 condicione,

137 475 226 524 sorte:
246 488 281 524 ex
296 489 352 540 quo
367 473 400 524 fit
411 478 444 525 ut
456 489 522 542 ager
534 473 654 542 Arpinas
668 474 848 543 Arpinatium
861 473 978 539 dicatur,

137 551 312 604 Tusculanus
333 554 565 621 Tusculanorum,
575 553 729 621 similisque
750 559 791 605 est
809 553 979 622 privatarum

137 632 342 699 possessionum
361 633 521 702 descriptis.
557 635 602 685 Ex
621 649 685 700 quo,
701 633 767 700 quia
786 649 867 685 suum
889 633 979 686 cuius-

138 727 193 778 que
210 713 251 780 fit,
265 730 368 781 eorum,
384 729 456 781 quae
474 720 574 765 natura
593 713 704 765 fuerant
722 713 887 779 communia,
901 715 979 780 qu'od

138 791 240 860 cuique
259 794 371 863 obtigit,
385 794 418 846 id
436 793 555 861 quisque
575 797 706 860 teneat,e
726 809 782 860 quo
802 793 826 846 si
845 793 908 861 quis
926 795 980 846 sibi

137 873 202 940 plus
215 878 336 942 appetet,
347 873 466 928 violabit
479 871 523 925 ius
535 874 673 926 humanae
686 873 835 927 societatis.
868 877 910 926 22.
925 874 979 926 Sed

139 953 280 1022 quoniam,
291 959 323 1006 ut
335 955 476 1024 praeclare
490 954 626 1022 scriptum
639 957 681 1006 est
694 971 710 1006 a
723 955 849 1020 Platone,
859 969 917 1005 non
931 971 980 1006 no-

139 1031 182 1084 bis
200 1034 290 1087 solum
308 1035 368 1086 nati
388 1050 483 1086 sumus
502 1039 634 1102 ortusque
656 1033 744 1086 nostri
761 1039 870 1102 partem
888 1033 980 1102 patria

138 1113 274 1182 vindicat,
286 1119 396 1184 partem
409 1115 493 1167 amici
506 1118 590 1182 atque
603 1118 635 1166 ut
646 1115 739 1182 placet
753 1114 854 1167 Stoicis
866 1131 937 1182 quae
949 1114 980 1165 in

139 1194 221 1246 terris
236 1195 390 1264 gignantur
404 1197 442 1247 ad
457 1211 539 1247 usum
554 1195 699 1247 hominum
715 1195 808 1247 omnia
823 1195 918 1262 creari,
932 1196 980 1246 ho-

139 1273 229 1326 mines
251 1280 345 1327 autem
362 1275 509 1327 hominum
527 1290 611 1334 causa
629 1282 687 1326 csse
708 1279 862 1343 generatos,
875 1279 907 1326 ut
925 1275 981 1342 ipsi

139 1351 214 1404 inter
226 1369 254 1405 se
268 1353 338 1405 alius
351 1353 400 1406 alii
412 1355 544 1422 prodesse
556 1359 678 1421 possent,
688 1353 718 1404 in
728 1353 782 1405 hoc
794 1358 922 1405 naturam
935 1355 981 1405 de-

140 1434 239 1502 bemus
258 1434 358 1486 ducem
377 1433 463 1501 sequi,
483 1449 643 1486 communes
660 1433 798 1485 utilitates
812 1433 842 1485 in
857 1433 981 1486 medium

140 1513 249 1566 adferre
267 1513 422 1566 mutatione
441 1513 603 1580 officiorum,
620 1513 715 1565 dando
734 1512 906 1581 accipiendo,
920 1517 982 1565 tum

140 1594 255 1662 artibus,
268 1598 329 1646 tum
347 1610 438 1662 opera,
452 1598 512 1646 tum
533 1592 714 1645 facultatibus
733 1592 875 1646 devincire
893 1593 982 1645 homi-

140 1691 209 1727 num
220 1675 294 1726 inter
305 1674 433 1726 homines
446 1674 614 1727 societatem.
643 1675 684 1726 23.
695 1674 922 1738 Fundamentum
935 1689 982 1726 au-

140 1761 197 1807 tem
216 1753 340 1807 iustitiae
358 1758 400 1807 est
414 1754 491 1821 fides,
504 1753 535 1805 id
550 1758 600 1818 est,
614 1752 753 1806 dictorum
771 1758 982 1806 conventorum·

141 1851 196 1903 que
214 1834 372 1887 constantia
391 1839 419 1887 et
438 1833 548 1886 veritas.
585 1834 629 1885 Ex
652 1849 715 1902 qu0,
735 1849 905 1901 quamquam
926 1833 982 1885 hoo

140 1915 284 1980 videbitur
295 1913 411 1968 fortasse
423 1913 545 1982 cuipiam
555 1913 659 1979 durius,
666 1917 759 1966 tamen
769 1914 920 1966 audeamus
932 1913 982 1966 im-

140 1995 206 2048 itari
223 1993 340 2064 Stoicos,
353 1995 403 2064 qui
422 1995 547 2048 studiose
566 1994 716 2060 exquirunt
732 1994 807 2046 unde
822 1996 907 2048 verba
925 1993 982 2046 siut

142 2076 235 2144 dueta,
251 2076 459 2148 credamusque,
470 2074 537 2142 quia
551 2076 566 2102 “
575 2073 624 2126 fiat
633 2075 648 2102 ''
662 2073 739 2140 quod
752 2072 924 2141 dictumest,
935 2090 982 2142 ap-

141 2158 275 2226 pellatam
287 2156 380 2208 fidem.

179 2237 235 2287 Sed
249 2234 404 2286 iniustitiae
419 2248 521 2302 genera
537 2232 594 2283 duo
614 2235 692 2284 sunt:
711 2247 798 2284 unum
817 2248 919 2300 eorum,
933 2233 982 2299 qui

141 2314 274 2380 inferunt,
286 2314 403 2364 aiterum
419 2327 523 2378 eorum,
534 2310 583 2378 qui
598 2311 634 2362 ab
646 2309 689 2378 iis,
703 2310 805 2377 quibus
819 2311 945 2378 infertur,
958 2312 982 2363 si

142 2397 269 2462 possunt,
285 2407 343 2444 non
360 2391 527 2460 propulsant
544 2387 682 2442 iniurium.
720 2390 794 2441 Nam
813 2389 862 2456 qui
880 2389 982 2443 iniuste

142 2476 279 2542 impetum
291 2471 321 2524 in
337 2471 498 2541 quempiam
511 2470 580 2523 facit
593 2474 642 2522 aut
654 2469 695 2522 ira
710 2474 758 2521 aut
771 2469 865 2537 aliqua
876 2475 982 2538 pertur-

142 2553 256 2606 batione
274 2551 415 2620 inoitatus,
430 2551 455 2604 is
473 2551 554 2619 quasi
572 2566 671 2603 manus
689 2548 796 2602 adferre
811 2549 923 2603 videtur
941 2567 982 2603 so-

143 2633 203 2685 cio:
224 2631 273 2699 qni
286 2636 388 2684 'autem
409 2647 466 2684 non
488 2631 616 2686 defendit
635 2646 686 2683 nec
706 2629 826 2698 obsistit,
839 2630 863 2682 si
881 2635 981 2700 potest,

142 2712 267 2780 iniuriae,
281 2702 339 2765 tam
358 2712 444 2767 estin
461 2711 532 2764 vitio
551 2711 677 2779 quamsi
696 2714 824 2779 parentes
845 2715 895 2763 aut
916 2711 982 2764 ami-

143 2807 190 2844 cos
205 2802 253 2847 aut
265 2792 386 2862 patriam
399 2792 514 2844 deserat.
542 2793 585 2844 24.
598 2792 692 2859 Atque
705 2792 770 2844 illae
783 2790 898 2859 quidem
911 2791 982 2844 iniu-

143 2872 208 2937 riae,
219 2887 290 2939 quue
305 2870 427 2924 nocendi
438 2886 521 2923 causa
534 2871 569 2923 de
579 2871 718 2924 industria
726 2871 891 2939 inferuntur,
901 2887 982 2940 saepe

143 2971 160 3006 a
178 2957 254 3004 metu
275 2949 497 3020 proficiscuntur,
513 2963 577 3000 cum
598 2947 630 3016 is,
646 2949 696 3017 qui
716 2965 816 3002 nocere
838 2948 920 3002 alteri·
939 2965 984 3000 eo-

143 3032 225 3102 gitat,
240 3031 322 3083 timet
340 3046 383 3094 ne,
399 3027 454 3080 nisi
472 3027 504 3080 id
522 3026 627 3095 fecerit,
643 3028 702 3097 ipse
721 3029 816 3104 aliquo
838 3027 984 3080 adficiatur

143 3111 330 3166 incommodo.
346 3108 349 3115 '
367 3107 520 3162 Maximam
545 3111 638 3160 autem
659 3113 768 3176 partem
792 3109 829 3160 ad
853 3106 984 3159 iniuriam
