2272 3442
258 148 348 194 CATO
366 145 499 194 MAJOR.
535 145 612 194 OAP.
632 145 725 194 XVII,
743 145 851 194 XVIII.
950 149 980 196 21

130 227 257 283 laudibus
269 226 389 278 omnium
403 229 475 278 esset
487 224 560 278 fama
571 226 751 278 consentiens.
789 225 875 288 Quem
892 225 981 280 virum
1013 259 1016 265 ·

129 320 217 372 nuper
237 303 266 356 P.
280 295 408 354 Crassum
427 300 588 354 Pontificem
608 300 768 366 Maximum,
786 317 867 368 quem
887 309 981 370 postea

129 382 166 434 M.
176 379 310 448 Lepidum
319 377 417 430 eodem
425 377 579 430 sacerdotio
588 377 745 445 praeditum
753 377 885 432 vidimus!
909 381 981 444 Quid

128 457 163 510 de
176 455 272 508 Paullo
285 457 334 506 aut
349 452 480 506 Africano
493 453 597 522 loquar,
610 458 658 507 aut
670 457 701 506 ut
708 453 767 521 jam
781 459 844 508 ante
857 457 892 510 de
905 457 981 510 Max-

127 533 198 584 imol
218 547 334 598 qnorum
346 546 401 582 non
413 529 443 580 in
457 531 594 583 sententIa
606 531 698 594 selum,
711 531 760 584 sed
777 533 859 585 etiam
871 533 899 584 in
911 540 981 586 nutu

128 607 267 660 residebat
288 607 444 659 auctontas.
483 605 578 659 Habet
597 610 730 673 senectus,
751 609 883 661 honorata
902 626 981 678 prae-

128 684 231 750 sertim,
241 686 348 736 tantam
362 681 554 736 auctoritatem
563 685 596 735 ut
608 697 640 734 ea
651 681 738 750 pluris
751 683 787 735 sit
797 699 878 750 quam
888 701 981 738 omnes

85 811 88 818 Δ
130 759 332 813 adolescentiae
345 759 508 826 voluptates

181 835 295 889 XVIII.
326 840 365 888 62.
392 834 446 888 Sed
465 835 493 886 in
511 834 585 887 omni
599 835 721 888 oratione
739 840 905 890 mementote
920 853 980 890 eam

38 973 45 984 Ι
129 929 173 965 me
186 914 353 966 senectutem
370 909 484 963 laudare
497 927 567 978 quae
581 910 766 964 fundamentis
781 911 980 966 adolescentiae

128 989 278 1041 constituta
303 987 346 1040 sit.
385 987 427 1038 Ex
451 1003 505 1054 quo
525 985 640 1039 efficitur
664 985 693 1038 id
712 987 786 1054 quod
810 1005 860 1054 ego
883 1005 980 1055 magno

130 1063 266 1130 quondam
286 1079 347 1116 cmn
366 1079 478 1116 assensu
496 1061 615 1114 omnium
635 1061 699 1128 dixi,
719 1061 849 1115 Miseram
864 1080 924 1116 esse
939 1080 981 1117 se-

130 1143 268 1193 nectutem
284 1156 354 1208 quae
370 1156 399 1192 se
418 1139 540 1192 oratione
556 1137 725 1192 defenderet.
762 1139 788 1191 N
790 1155 824 1192 on
841 1140 908 1206 cani,
926 1157 980 1192 non

131 1231 214 1282 rugae
232 1219 346 1282 repente
364 1215 557 1267 auctorilatcm
576 1214 697 1282 arripere
715 1219 844 1282 possuut;
868 1216 917 1269 scd
935 1216 981 1268 ho-

132 1294 211 1343 neste
228 1295 290 1342 acta
308 1290 430 1356 superior
449 1291 524 1341 aetas
542 1289 646 1341 fructus
664 1290 738 1357 capit
752 1291 921 1344 auctoritatis
936 1308 981 1344 ex-

131 1369 240 1419 tremos.
285 1371 326 1418 63.
357 1365 434 1417 Hace
459 1365 530 1416 enim
555 1366 614 1432 ipsa
639 1369 701 1418 sunt
725 1367 892 1420 honorabilia
911 1385 981 1435 quac

130 1440 260 1493 videntur
272 1440 344 1492 levia
358 1444 441 1506 atque
453 1441 611 1502 communia,
628 1440 748 1506 salutari,
764 1443 864 1510 appeti,
877 1443 980 1510 decedi,

130 1515 244 1583 assurgi,
258 1515 365 1582 deduci,
380 1515 483 1584 reduci,
495 1513 613 1578 eonsuli;
632 1531 704 1583 quae
718 1520 746 1570 et
758 1516 832 1584 apud
846 1534 895 1570 nos
910 1522 938 1571 et
952 1519 980 1570 in

130 1591 191 1644 allis
205 1591 371 1658 civitatibus,
384 1595 416 1644 ut
430 1589 555 1659 quaeque
567 1591 669 1660 optime
684 1596 798 1658 morata,
812 1593 853 1647 ita
868 1593 978 1662 diligen-

130 1668 235 1720 tissime
248 1667 435 1720 observantur.
460 1667 630 1736 Lysandrum
643 1667 896 1737 Lacedaemonium,
903 1669 981 1737 cujus

130 1744 211 1796 modo
236 1743 402 1797 mentionem
426 1743 485 1810 feci,
506 1737 598 1796 dicere
617 1743 695 1798 aiunt
714 1744 824 1798 solitum
845 1746 980 1799 Lacedae-

130 1835 237 1872 monem
250 1836 310 1873 esse
322 1819 544 1872 honestissimum
557 1819 723 1873 domicilium
737 1821 899 1874 senectutis:
918 1837 981 1874 nus-

131 1913 212 1963 quam
225 1897 296 1949 enim
309 1899 417 1949 tantum
432 1895 566 1948 tribuItur
579 1895 671 1962 aetati,
685 1913 817 1963 nusquam
833 1901 875 1950 cst
889 1913 981 1950 senee-

130 1975 175 2024 tus
194 1972 358 2026 honoratior.
398 1969 571 2032 Quinetiam
596 1969 743 2025 memoriae
766 1973 905 2040 proditum
930 1976 979 2039 est,

131 2065 215 2116 quum
231 2047 349 2102 Athenis
363 2046 436 2100 ludis
452 2046 563 2114 quidam
583 2048 612 2100 iu
629 2049 768 2101 theatrum
785 2049 898 2116 grandis
913 2052 980 2101 natu

131 2128 256 2188 venlssct
271 2124 300 2175 in
311 2139 411 2189 magno
423 2139 550 2190 consessu
566 2123 654 2176 locum
669 2141 803 2191 nusquam
816 2125 843 2200 ei
857 2124 952 2176 datum
964 2139 981 2175 a

130 2199 186 2252 suis
195 2199 313 2262 civibus3
332 2215 416 2264 quum
426 2201 518 2250 autem
531 2199 566 2250 ad
582 2199 807 2252 Lacedaemonios
817 2199 981 2261 accessisset,

130 2274 177 2342 qui
195 2273 279 2340 legati
298 2289 382 2340 quum
401 2275 492 2325 essent
510 2275 585 2325 certo
604 2272 632 2323 in
648 2273 706 2325 loco
719 2275 905 2339 consederant,
919 2270 991 2327 con-'

107 2361 110 2366 '
130 2349 282 2402 surrexisse
295 2363 388 2400 omnes
400 2351 429 2400 et
442 2363 536 2401 senem
548 2347 645 2416 [illum]
657 2366 760 2402 sessum
772 2350 916 2418 recepisse.
941 2355 982 2402 64.

131 2425 235 2489 Quibus
249 2441 333 2493 quum
345 2441 361 2477 a
373 2427 471 2477 cuncto
483 2439 610 2477 consessu
623 2423 734 2492 plausus
749 2429 822 2478 esset
837 2424 981 2492 multiplex

129 2501 218 2568 datus,
238 2500 340 2558 dixisse
358 2517 393 2552 ex
411 2499 446 2552 iis
461 2499 606 2568 quendam,
623 2500 807 2554 Athenienses
825 2499 894 2552 seire
910 2515 981 2568 quae

130 2575 379 2644 1=cctaesscnt,scd
394 2576 485 2628 facere
500 2575 578 2628 nolle.
615 2575 704 2629 Multa
719 2576 747 2628 in
761 2579 855 2629 nostro
867 2575 981 2642 collegio

129 2653 277 2719 praeclara,
298 2651 348 2705 sed
366 2651 417 2705 hoe
437 2652 472 2705 de
492 2669 545 2720 quo
566 2652 671 2720 agimus
687 2653 715 2704 in
732 2652 835 2720 primis,
850 2652 931 2720 quod,
948 2655 981 2704 ut

65 2739 67 2744 ’
129 2730 245 2797 quisque
270 2732 362 2782 aetate
388 2729 535 2796 antecedit,
559 2729 599 2782 ita
623 2730 775 2783 sententiae
798 2728 981 2797 principatum

131 2809 220 2870 tenet;
238 2821 329 2873 neque
342 2805 430 2858 solum
442 2805 544 2858 honore
554 2804 778 2858 antecedentibus
791 2804 840 2858 sed
852 2804 886 2857 iis
898 2804 981 2858 ctiam

129 2881 176 2950 qui
189 2881 250 2934 cum
261 2881 378 2949 imperio
390 2884 455 2934 suut
471 2879 590 2948 majores
602 2885 670 2934 natu
684 2897 800 2948 augures
815 2879 982 2948 anteponun-

130 2962 181 3009 tur.
220 2958 296 3021 Quac
314 2961 378 3010 sunt
394 2956 479 3024 igitur
491 2956 645 3024 voluptates
660 2956 781 3025 eorporis
793 2973 854 3009 cum
867 2955 982 3009 auctori*-

130 3033 196 3084 tatis
212 3033 341 3100 praemiis
358 3031 574 3100 comparandael
597 3031 695 3100 quibus
714 3033 761 3100 qui
779 3032 921 3100 splendide
939 3030 980 3082 usi

130 3111 202 3173 sunt,
225 3109 246 3159 ii
266 3109 332 3159 mihi
352 3109 481 3161 videntur
504 3108 623 3160 fabulam
643 3110 743 3162 aetatis
764 3107 907 3176 peregisse,
931 3121 981 3158 nec

130 3193 270 3248 tamquam
290 3185 463 3238 inexercitati
484 3184 632 3238 histriones
651 3185 679 3236 in
699 3187 822 3237 extremo
844 3183 907 3234 actu
925 3197 982 3234 cor-

252 3262 267 3306 3
