2256 3448
256 157 325 206 LIB.
343 156 404 216 111,
420 155 499 204 CAP.
514 152 866 213 xxr1.-xxrv.,§8r-aa.
938 155 985 202 179

143 240 224 309 eique
242 240 389 309 sapientes,
406 239 460 291 sibi
478 242 576 291 neuter
594 228 692 306 rapiat
703 254 739 290 au
759 238 829 290 altor
847 235 929 289 cedat
947 238 986 288 al-

142 323 196 374 teri
204 323 232 376 l'’
269 324 284 350 “
295 321 384 374 Cedat
402 336 478 386 vero,
492 320 542 372 sed
561 319 595 386 ei,
611 318 690 372 cuius
707 317 799 386 magis
817 317 927 370 intersit
941 319 986 371 vel

143 418 192 454 sua
206 402 252 456 vel
270 401 310 453 rei
328 399 458 470 publicae
477 415 559 452 causa
574 399 746 453 vive1·e.’'—“
756 397 851 464 Quidl
876 398 899 450 si
917 399 986 450 haec

143 481 222 550 paria
234 481 265 532 in
276 485 395 548 utroque
404 482 431 534 2³³
469 480 611 532 “Nullum
624 479 677 530 erit
689 482 835 546 certamen,
844 479 895 530 sed
907 477 987 544 quasi

144 567 218 614 sorte
230 563 279 614 aut
291 560 423 614 micando
436 559 529 614 victus
544 559 624 612 alteri
639 561 720 612 cedet
733 560 882 612 alter.”-“
891 557 986 623 Quidl

144 641 169 693 si
186 645 266 710 pater
280 641 344 693 fana
362 641 477 710 expilat,
491 641 634 693 cuniculos
652 643 718 709 agat
736 639 773 690 ad
788 638 932 702 aerarium,
945 637 986 689 iu-

145 721 257 773 dicetne
273 721 305 773 id
320 721 531 791 magistratibus
547 721 657 774 filiusl”
694 722 710 748 “
719 719 805 772 Nefas
818 717 850 770 id
863 718 985 786 quidem.

145 801 318 866 Quinetiam
331 801 465 854 defendat
474 805 590 870 patrem,
600 800 624 852 si
637 801 797 868 arguatur.”
834 801 849 828 “
858 799 923 859 Non
934 797 987 866 igi-

144 886 191 932 tur
208 881 301 948 patria
319 885 443 950 praestat
461 881 591 933 omnibus
610 880 709 932 officiis
718 881 746 934 l”
784 881 799 908 “
808 879 897 931 Immo
912 893 986 945 vero,

145 961 194 1012 sed
209 960 264 1029 ipsi
279 961 386 1029 patriae
406 961 540 1013 conducit
554 961 617 1030 pios
632 961 734 1014 habere
753 960 828 1012 cives
846 959 877 1011 in
891 974 987 1028 paren·

94 1088 97 1094 .
145 1040 382 1106 tes.’'-“Quidl
408 1041 432 1093 si
453 1041 631 1109 tyrannidem
653 1056 797 1110 occupare,
819 1039 842 1092 si
855 1039 987 1108 ‚patriam

145 1121 263 1188 prodere
291 1121 438 1174 conabitur
463 1125 551 1190 pater,
574 1120 703 1173 silebitne
729 1119 803 1172 filius
812 1121 837 1172 2³²
875 1119 987 1171 “Immo

146 1217 212 1256 vero
230 1201 390 1254 obsecrabit
404 1206 520 1270 patrem,
536 1217 572 1254 nc
589 1200 622 1253 id
640 1200 733 1253 faciat.
771 1200 801 1252 Si
818 1199 891 1250 nihil
905 1198 987 1268 profi-

146 1281 209 1349 ciet,
225 1282 374 1349 accusabit,
389 1282 544 1334 minabitur
565 1281 710 1347 etiamad
730 1284 891 1346 extremum,
907 1278 931 1330 si
950 1279 988 1330 ad

146 1360 298 1430 perniciem
313 1361 420 1430 patriae
435 1378 478 1414 res
494 1361 642 1431 spectabit,
655 1360 762 1429 patriae
780 1361 897 1411 salutem
912 1365 987 1410 ante-

146 1445 234 1510 ponet
252 1441 336 1494 saluti
355 1441 468 1510 patris.’'
506 1445 547 1494 91.
564 1441 680 1507 Quaerit
700 1440 792 1506 etiam,
809 1438 856 1491 “si
878 1438 988 1506 sapiens

147 1520 319 1574 adulterinos
338 1537 468 1574 nummos
490 1521 628 1590 acceperit
646 1520 810 1589 imprudens
828 1535 878 1587 pro
897 1518 988 1583 bouis,
1027 1529 1033 1544 ¹

148 1617 211 1653 curn
226 1601 258 1654 id
271 1601 402 1669 rescierit,
414 1603 590 1654 soluturusne
606 1601 643 1654 sit
655 1618 709 1668 eos,
721 1600 745 1652 si
758 1599 804 1652 cui
817 1600 926 1666 debeat,
937 1615 988 1667 pro
1028 1627 1032 1634 ·

148 1681 256 1734 bonis.”
291 1681 433 1750 Diogenes
445 1681 492 1750 ait,
502 1681 652 1750 Antipater
667 1685 760 1748 negat,
771 1679 817 1732 cui
829 1679 925 1748 potius
940 1679 989 1731 ad-

148 1761 314 1815 sentior.—“
323 1761 379 1828 Qui
389 1761 487 1814 vinum
498 1760 610 1830 fugiens
623 1761 728 1814 vendat
744 1759 840 1827 sciens,
852 1759 989 1812 debeatne

149 1842 241 1895 dicere
249 1844 277 1896 l'’
315 1843 405 1895 “Non
426 1843 561 1914 necesse”
577 1845 659 1910 putat
677 1840 825 1910 Diogenes,
841 1840 990 1909 Antipater

149 1923 227 1976 “viri
245 1921 337 1974 boni”
353 1921 503 1975 existimat.
530 1920 619 1974 ¹Haec
638 1927 703 1973 sunt
719 1921 798 1988 quasi
814 1912 991 1974 controversa

148 2001 209 2054 iura
228 2002 391 2056 Stoicorum.
430 2003 488 2054 “In
507 2001 648 2070 mancipio
665 2003 816 2054 vendendo
835 2001 991 2053 dicendane

149 2083 227 2151 vitia,
239 2099 296 2134 non
309 2099 349 2149 ea,
359 2099 430 2149 quae
440 2081 496 2134 nisi
506 2082 618 2149 dixeris,
627 2081 807 2134 redhibeatur
819 2081 990 2149 mancipium

149 2163 208 2217 iure
227 2164 313 2231 civili,
327 2165 377 2216 sed
396 2165 472 2228 haec,
487 2163 650 2215 mendacenr
669 2178 735 2229 esse,
751 2163 907 2228 aleatorem,
919 2160 991 2212 fura-

150 2260 217 2307 cem,
231 2243 371 2296 ebriosum
380 2245 407 2297 Ψ*
443 2243 534 2296 Alteri
551 2243 673 2296 dicenda
687 2242 825 2297 videntur.
840 2241 919 2293 alteri
933 2257 990 2292 nou
1057 2283 1059 2288 .

150 2324 289 2376 videntur.
327 2326 366 2377 92.
384 2325 398 2352 “
409 2323 439 2376 si
452 2323 514 2391 quis
527 2339 624 2375 aumm
637 2323 761 2375 vendens
776 2321 947 2373 orichalcum
961 2335 990 2370 sc

149 2407 231 2471 putet
243 2403 371 2468 vendere,
382 2401 525 2454 indicetne
537 2401 564 2453 ei
573 2402 617 2453 vir
626 2402 716 2454 bonus
729 2417 825 2453 aurum
838 2400 911 2452 illud
924 2415 990 2466 esse,

150 2500 185 2534 an
204 2488 278 2535 emat
293 2482 409 2534 denario
425 2483 503 2549 quod
518 2482 555 2534 sit
569 2481 647 2534 mille
666 2481 811 2534 denarium
820 2482 846 2534 l”
883 2481 991 2549 Perspi-

150 2577 234 2614 cuum
248 2567 290 2614 est
303 2561 360 2615 iarn
379 2566 406 2614 et
422 2561 492 2629 quid
507 2561 578 2613 mihi
591 2561 722 2613 videatur·
738 2567 767 2613 et
782 2577 852 2630 quae
868 2561 907 2621 sit
918 2561 991 2614 inter

150 2659 197 2696 cos
208 2643 401 2711 philosophoS,
415 2659 485 2710 quos
497 2641 648 2709 nominavi,
660 2641 856 2706 controversia.

185 2719 396 2778 XXIV.JPacta
414 2729 443 2776 et
457 2723 592 2792 promissa
611 2739 754 2792 semperne
774 2723 912 2776 servanda
926 2723 990 2790 sint,

150 2820 228 2868 ausu
244 2820 301 2858 unc
313 2820 347 2858 vr
361 2819 418 2857 uno
433 2819 509 2857 nono
522 2819 608 2870 nuno,
619 2810 651 2856 ut
663 2809 804 2873 praetores
816 2807 914 2871 solent,
924 2819 991 2856 uac-

150 2901 188 2938 'ra
206 2885 346 2939 sium-Si
361 2885 424 2954 quis
441 2885 676 2938 medicamentum
691 2884 814 2954 cuipiam
829 2884 940 2937 dederit
954 2884 990 2936 ad

150 2984 251 3036 aquam
272 2966 440 3019 intercutem
460 2964 663 3036 pepigeritque,
685 2964 709 3015 si
730 2981 763 3016 eo
787 2966 990 3019 medicamento

150 3064 232 3100 sanus
250 3047 340 3098 factus
358 3053 484 3112 essetne
503 3045 553 3096 illo
571 3044 775 3097 medicamento
794 3060 926 3110 umquam
942 3059 991 3110 po-

151 3133 209 3196 stca
227 3130 358 3192 uteretur,
377 3126 401 3178 si
421 3143 453 3178 eo
473 3124 676 3177 medicamento
696 3139 779 3176 sanus
797 3123 889 3174 fuctus
908 3123 945 3173 sit
963 3127 991 3174 ct
