2272 3442
124 101 155 146 12
356 95 394 144 M.
411 95 537 144 TULLII
555 92 745 142 CICERONIS

124 177 264 246 proprium
276 176 425 230 senectutis
436 176 532 229 vitium
551 179 601 242 est,
619 175 668 228 sed
681 190 823 228 commune
836 169 972 229 valetudi-

124 253 172 304 nis.
209 252 296 316 Qunam
312 251 367 320 iuit
387 250 537 304 imbecillus
558 251 586 304 P.
600 250 723 304 Africani
739 249 818 317 filius,
837 249 925 318 isqui
942 253 973 304 te

124 327 279 396 adoptavit!
311 343 393 396 quam
417 327 491 380 tenui
518 329 566 379 aut
589 325 663 378 nulla
685 325 776 394 potius
799 325 971 380 valetudine!

126 403 206 467 Quod
217 403 245 455 ni
256 403 297 456 ita
307 403 412 468 fuisset,
426 402 542 456 alterum
554 399 622 454 illud
635 401 785 454 exstitisset
802 402 893 454 lumen
909 402 973 454 civi·
999 415 1001 419 ’

125 479 206 544 tatis;
224 479 260 532 ad
271 481 413 546 paternam
426 478 498 530 enim
515 477 731 545 magnitudinem
748 477 831 530 animi
850 477 974 530 doctrina

124 553 235 610 uberior
255 557 416 608 accesserat.
452 553 525 618 Quid
543 553 643 606 mirum
662 553 748 620 igitur
766 552 931 618 maenibus,
946 553 972 604 si

125 629 226 682 infirmi
238 632 301 682 sunt
313 629 466 697 aliquando,
478 645 562 696 quum
574 629 604 681 id
616 645 651 681 ne
662 628 849 682 adulescentes
861 628 972 696 quidem

126 705 245 772 effugere
256 705 377 773 possintl
396 769 398 774 Ι
414 704 614 770 Resistendum,
629 703 704 757 Laeli
721 707 750 756 et
766 703 863 772 Scipio,
880 720 971 756 senec-

126 781 181 834 tuti
205 784 256 846 est,
281 780 395 848 ejusque
418 779 485 832 vitia
508 779 650 846 diligentia
673 780 872 847 compensanda
895 783 972 833 sunt:

127 856 303 923 pugnandum
315 859 456 923 tamquam
472 855 567 908 contra
582 854 706 907 morbum
720 857 758 908 sic
770 858 864 908 contra
882 871 973 908 sonec-

127 935 223 984 tutem.
259 937 300 985 36.
322 930 458 983 Habenda
469 929 540 982 ratio
552 930 729 995 valetudinis;
751 930 883 984 utendum
897 947 973 984 excr-

128 1005 302 1060 citationibus
322 1005 449 1068 modicis;
466 1008 573 1058 tantum
592 1005 645 1058 cibi
664 1009 693 1058 et
707 1005 825 1073 potionis
843 1005 984 1059 adhiben-'

128 1082 193 1135 dum
210 1085 244 1136 ut
260 1081 418 1134 reficiantur
435 1081 514 1147 vires,
533 1097 587 1134 non
605 1081 802 1148 opprimantur.
837 1083 896 1135 Nec
907 1097 973 1134 vero

128 1158 234 1226 corpori
252 1157 303 1211 soli
321 1157 537 1210 subveniendum
556 1159 605 1222 est,
625 1157 673 1210 sed
690 1157 775 1210 menti
788 1161 871 1226 atque
882 1158 972 1210 animo

129 1233 215 1287 multo
231 1233 334 1300 magis3
352 1249 415 1286 nam
433 1233 500 1285 haec
518 1248 633 1300 quoque,
651 1232 703 1284 nisi
720 1237 861 1300 tamquam
878 1233 973 1286 lumini

128 1309 218 1364 alcum
240 1309 361 1376 instillas,
386 1309 597 1375 exstinguuntur
617 1311 765 1362 senectute.
802 1309 838 1361 Et
861 1325 973 1377 corpora

129 1385 240 1454 quidem
261 1383 456 1438 exercitatione
475 1385 680 1452 ingravescunt:
700 1384 783 1436 animi
818 1385 911 1436 autem
943 1402 974 1439 se

129 1460 280 1516 exercendo
291 1461 423 1514 levantur.
458 1459 530 1512 Nam
542 1476 610 1528 quos
622 1459 662 1512 ait
675 1459 808 1512 Caecilius

355 1537 524 1584 -—comic0s
542 1535 632 1583 stultos
649 1552 725 1595 senes,
980 1573 984 1576 .

129 1613 179 1667 hos
191 1615 326 1682 significat
343 1613 473 1679 credulos,
487 1613 636 1678 obliviosos
648 1613 809 1680 dissolutos;
826 1629 896 1682 quae
907 1612 975 1667 vitia

130 1696 194 1742 sunt
210 1707 264 1742 non
282 1689 437 1754 senectutis,
457 1688 506 1740 sed
518 1687 622 1754 inertis,
640 1689 761 1756 ignavae,
780 1689 975 1742 somniculosae

130 1765 286 1818 senectutis.
321 1763 362 1816 Ut
380 1764 539 1832 petulantia,
557 1767 589 1816 ut
605 1763 689 1816 libido
707 1765 794 1832 magis
812 1766 855 1818 est
871 1765 975 1818 adoles-

130 1840 249 1892 centium
270 1855 353 1908 quam
376 1855 478 1905 senum,
497 1855 548 1892 nec
567 1842 660 1892 tamen
683 1841 802 1892 omnium
822 1841 975 1894 adolescen-

130 1915 207 1981 tium,
220 1915 333 1967 sednon
344 1913 505 1982 proborum;
524 1915 562 1966 sic
580 1915 633 1967 ista
652 1915 743 1968 senilis
761 1916 885 1984 stultitia,
905 1933 976 1984 quae

131 1989 256 2043 deliratio
273 1989 403 2058 appellari
423 1989 500 2056 solet,
519 2006 613 2042 senum
632 1990 732 2042 levium
752 1995 801 2051 est,
820 2009 873 2044 non
891 1992 977 2044 omni-

131 2083 185 2118 um.
221 2069 262 2122 37.
286 2065 422 2130 Quattuor
442 2065 569 2118 robustos
589 2065 666 2131 filios,
684 2066 806 2134 quinque
824 2068 899 2132 filiae,
917 2071 976 2120 tan-

131 2146 188 2195 tum
200 2141 318 2208 domum,
334 2144 425 2194 tantas
442 2140 583 2207 clientelas
596 2141 703 2209 Appius
715 2141 828 2208 regebat
840 2145 869 2194 et
880 2144 977 2196 caecus

132 2221 161 2271 et
184 2233 274 2270 senex.
317 2216 459 2270 Intentum
483 2215 556 2269 enim
578 2216 698 2268 animum
720 2221 860 2286 tamquam
883 2235 976 2271 arcum

131 2293 256 2361 habebat,
269 2310 320 2348 nec
331 2293 507 2360 languescens
520 2291 713 2345 succumbebat
724 2293 864 2347 senectuti.
892 2293 977 2346 Tenc-

131 2369 180 2423 bat
203 2387 256 2423 uon
279 2369 360 2423 modo
383 2368 583 2436 auctoritatem,
608 2367 658 2420 scd
683 2368 765 2420 etiam
786 2368 930 2436 imperium
949 2369 977 2421 in

132 2461 208 2499 suos:
225 2445 384 2498 metuebant
402 2445 481 2508 servi,
495 2443 661 2496 verebantur
678 2442 765 2510 liberi,
777 2459 869 2496 carum
885 2460 978 2498 omnes

132 2520 282 2574 habebant:
299 2520 410 2586 vigebat
426 2521 454 2572 in
470 2519 530 2592 illa,
541 2518 621 2570 domo
644 2535 702 2571 mos
722 2520 828 2587 patrius
850 2523 880 2573 et
899 2520 979 2573 disci-

132 2595 212 2664 plina.
248 2599 289 2648 38.
320 2595 366 2648 lta
389 2595 460 2646 eninr
485 2597 611 2646 senectus
631 2593 745 2647 honesta
765 2597 807 2648 est
826 2595 849 2648 si
870 2612 900 2648 se
919 2595 979 2663 ipsa
1023 2593 1029 2602 ‘

133 2669 263 2736 defendit,
282 2669 305 2722 si
317 2669 365 2737 jus
381 2686 458 2722 suum
475 2668 582 2736 retinet,
598 2669 621 2721 si
638 2669 741 2721 nemini
758 2671 913 2738 mancipata
929 2674 979 2738 est,

133 2747 156 2798 si
173 2761 260 2812 usque
276 2744 312 2797 ad
328 2744 454 2797 ultimum
472 2744 598 2812 spiritum
613 2743 769 2796 dominatur
787 2745 815 2797 in
834 2761 902 2799 suos
939 2746 980 2799 Ut

133 2821 204 2874 enim
220 2819 420 2873 adolescentem
440 2820 468 2871 in
487 2835 541 2888 quo
558 2818 642 2872 senile
655 2818 765 2886 aliquid,
784 2820 822 2872 sic
840 2837 933 2874 senem
950 2821 979 2873 in

133 2913 187 2965 quo
203 2899 246 2949 est
262 2895 366 2963 aliquid
384 2894 564 2948 adolescentis
578 2893 679 2961 prob0;
699 2895 773 2962 quod
789 2896 836 2963 qui
856 2897 980 2964 sequitur

133 2987 245 3040 corpore
258 2986 341 3024 senex
353 2986 413 3024 esse
424 2969 534 3038 poterit,
547 2969 637 3022 animo
648 2986 787 3037 nunquam
800 2971 861 3024 erit
890 2973 979 3041 Septi-

133 3065 194 3102 mus
212 3047 279 3100 mihi
295 3045 436 3114 Originum
453 3045 523 3098 liber
541 3045 629 3098 estin
646 3045 784 3098 manibus:
803 3046 894 3100 omnia
911 3049 981 3102 anti-

134 3124 248 3191 quitatis
264 3125 438 3176 rnonunieuta
449 3119 558 3187 colligo:
577 3135 718 3172 causarum
737 3119 883 3176 illustrium
901 3142 980 3191 quas-
